4576 6196
456 1338 552 1461 lam
600 1369 683 1458 hoc
730 1365 1034 1485 quaestionum
1066 1365 1280 1458 subtilium
1328 1399 1487 1485 campo
1533 1362 1707 1482 spinoso
1753 1361 1894 1452 relicto
1932 1360 1992 1451 ad
2036 1360 2176 1452 maius

302 1518 617 1638 augustiusque
663 1517 887 1638 negotium
935 1518 1103 1610 animus
1150 1519 1381 1638 erigendus
1429 1517 1657 1634 edictoque
1709 1515 1839 1632 longe
1890 1513 2176 1631 pulcherrimo

302 1673 410 1763 haec
442 1673 592 1762 charta
624 1671 880 1763 exornanda
912 1693 984 1762 est.

454 1824 592 1915 Anno
630 1823 743 1914 enim
781 1823 1041 1914 circumacto
1071 1823 1245 1915 recurrit
1282 1823 1371 1914 dies
1407 1821 1686 1913 faustissimus
1725 1853 1814 1938 quo
1854 1820 2010 1910 nullus'
2028 1819 2177 1910 laetior

300 1976 527 2068 universae
585 1975 750 2094 patriae
806 1975 1012 2088 illucescit,
1065 2009 1156 2094 quo
1202 1975 1269 2066 die
1320 1973 1670 2093 Augustissimus
1718 1971 2174 2090 Clementissimusque

301 2127 522 2246 Princeps,
559 2102 883 2219 Germanorum
920 2128 1156 2245 Imperator
1186 2128 1283 2218 Rex
1314 2126 1541 2218 Borussiae
1580 2123 1945 2216 GVILELMVS
1975 2126 2003 2238 l,
2034 2126 2174 2216 lucem

301 2280 508 2399 adspexit.
580 2278 815 2371 Indicenda
871 2279 1000 2399 ¹igitur
1058 2301 1158 2371 sunt
1211 2278 1431 2371 sollemnia
1484 2279 1542 2371 ab
1594 2278 1881 2370 Universitate
1930 2275 2174 2370 Christiana

302 2432 530 2526 Albertina
567 2432 609 2523 in
650 2466 817 2552 magna
855 2433 955 2524 aula
991 2432 1059 2524 die
1095 2433 1221 2523 XXll
1251 2431 1415 2524 mensis·
1439 2431 1580 2522 Martii
1620 2432 1727 2522 hora
1762 2433 1778 2522 l
1813 2453 1911 2551 post
1950 2430 2171 2522 meridiem

302 2584 573 2698 celebranda,
620 2585 661 2675 in
709 2584 866 2704 quibus
912 2585 1106 2676 omnium
1153 2585 1402 2676 communia
1421 2610 1425 2623 ’
1441 2606 1546 2675 vota
1593 2583 1882 2702 laetitiamque
1932 2584 2068 2675 oratio
2111 2585 2170 2677 ab

301 2737 568 2855 eloquentiae
597 2736 837 2856 professore
867 2736 1034 2855 publice
1063 2737 1303 2850 constitut0,
1332 2736 1552 2828 Richardo
1578 2737 1788 2849 Foerster,
1810 2735 1948 2854 patrio
1972 2770 2172 2828 sermone

301 2888 506 2981 habenda
536 2888 888 3007 interpretabitur.
956 2972 965 3013 ,

451 3041 531 3133 His
571 3041 845 3133 sollemnibus
884 3063 931 3132 ut
971 3061 1174 3160 prompto
1213 3042 1462 3160 lubentique
1509 3040 1656 3131 animo
1695 3040 1895 3132 interesse
1936 3042 2075 3155 velint,
2117 3077 2171 3134 ea

299 3227 390 3312 qua
431 3228 511 3311 par
553 3216 616 3284 est
659 3193 937 3287 observantia
974 3193 1259 3312 magistratus.
1288 3193 1451 3312 Regios
1487 3193 1738 3312 perillustres
1775 3228 1876 3285 cum
1908 3193 2046 3285 civiles
2077 3215 2170 3286 tum
2217 3300 2222 3311 ,

299 3345 507 3458 militares
539 3346 817 3464 magistratus
849 3346 1019 3437 urbicos
1044 3379 1214 3438 summe
1239 3347 1454 3459 colendos,
1485 3379 1708 3438 sacrorum
1733 3345 1936 3438 antistites
1963 3380 2171 3438 maxume

297 3498 571 3609 reverendos,
609 3497 825 3616 gymnasii
867 3520 907 3588 et
945 3498 1116 3588 scholae
1152 3498 1272 3589 realis
1310 3497 1535 3616 superioris
1572 3521 1757 3590 rectores
1796 3522 1836 3590 et
1868 3523 2169 3618 praeceptores

298 3648 659 3762 honoratissimos,
700 3683 779 3739 nec
816 3683 905 3740 non
945 3648 1057 3739 viros
1095 3650 1426 3766 spectatissimos
1464 3650 1856 3771 ornatissimosque,
1905 3652 1978 3772 qui
2023 3652 2168 3771 aliquo

298 3799 419 3891 olfrcii
451 3802 518 3893 vel
547 3801 787 3893 studiorum
816 3802 986 3893 vinculo
1015 3836 1116 3892 cum
1154 3801 1379 3893 academia
1413 3823 1561 3894 nostra
1595 3804 1807 3895 coniuncti
1838 3825 1948 3918 sunt,
1980 3805 2168 3924 denique

298 3953 413 4045 urbis
450 3953 608 4045 incolas
664 3975 705 4045 et
750 3954 999 4073 quicunque
1044 3953 1208 4071 patriae
1263 3976 1435 4046 nostrae
1480 3954 1626 4046 lavent
1670 3957 1947 4076 cupiuntque,
1988 3978 2168 4076 rogatos

297 4105 496 4196 invitatos
542 4139 635 4197 esse
680 4107 831 4197 volunt
877 4108 1037 4197 Rector
1083 4126 1125 4196 et
1169 4105 1480 4199 Consistorium
1526 4109 1826 4201 academicum
1873 4108 2169 4201 Universitatis

298 4256 502 4348 Kiliensis.

455 4485 461 4495 ’
519 4481 706 4562 [labamus
735 4481 847 4608 xillae
876 4482 1111 4565 Hotsatorum
1140 4484 1199 4565 dio
1226 4484 1280 4563 ΧΙΙ
1310 4485 1451 4565 nensis
1480 4483 1600 4564 martti
1629 4483 1952 4565 ΜῦθῦθιΧΧΧΝ.
