4576 6196
1013 601 1051 662 27

100 805 185 871 ἐστὶν
206 800 259 869 ὅτε
281 804 488 871 ἐναντιοῦται
516 803 617 893 τούτῳ
648 805 733 870 rusci
768 802 806 870 τά
835 803 934 893 πάθη
957 819 1224 888 φνσιογνωμονιῒν
1245 814 1300 870 καὶ
1324 802 1365 871 soi
1388 804 1473 871 κακά
1495 807 1526 866 ei
1550 805 1640 879 3210
1663 816 1736 895 περὶ
1758 810 1865 892 φωνῆς
1888 804 1974 872 rarsi

98 923 160 998 pir
181 915 216 980 ri
247 912 360 992 πάθος
383 915 569 980 ἐπισκοπῶν
590 912 700 992 ὀξεῖαν
732 921 857 1002 οἶηθιίη
887 911 931 982 dr
954 943 1000 994 τις
1025 916 1091 982 δεῖν
1111 921 1242 983 τιθέναι
1265 920 1324 982 τοῦ
1346 915 1542 999 θυμοειδοῦς
1569 919 1640 997 post
1668 933 1773 978 vocem
1795 918 1871 994 δεῖν,
1904 916 1976 996 quia

102 1024 194 1087 huius
223 1024 322 1104 prima
351 1024 453 1085 littera
474 1026 494 1090 ὁ
515 1042 586 1086 curn
610 1053 635 1101 ε,
665 1028 701 1085 ut
730 1042 829 1105 saepe,
859 1025 902 1088 ita
928 1024 1070 1105 colligata
1099 1027 1172 1100 erat,
1202 1027 1237 1086 ut
1266 1024 1399 1106 speciem
1420 1026 1501 1088 uocis
1528 1028 1618 1094 δυεῖν
1647 1002 1791 1108 praebere
1813 1025 1974 1102 rideretur,

99 1140 205 1201 ἕνεκεν
226 1133 488 1215 praepositionem
517 1133 599 1196 unde
622 1134 780 1214 genetivus
803 1135 956 1216 penderet
984 1134 1120 1209 inseruit,
1145 1152 1334 1214 quamquam
1356 1153 1418 1197 non
1442 1135 1478 1197 de
1501 1135 1619 1198 duobus
1651 1136 1842 1216 argumentis
1864 1138 1975 1217 agitur.

99 1243 203 1306 Etiam
233 1245 315 1328 πρὸς
350 1239 431 1312 αὐτὸ
462 1263 516 1326 pro
544 1246 622 1334 πρὸς
650 1243 762 1323 αὐτοῖς
785 1245 853 1320 65,1
878 1246 961 1307 mala
982 1244 1058 1306 mihi
1080 1244 1200 1306 ridetur
1222 1262 1288 1307 osse
1311 1245 1492 1308 coniectura.

252 1357 297 1416 Ae
324 1373 362 1416 ne
391 1353 466 1416 illud
496 1354 621 1434 quidem
644 1354 724 1435 quod
747 1355 773 1417 Y
802 1375 873 1418 curn
903 1355 1053 1418 altemtra
1080 1353 1197 1416 familia
1226 1352 1376 1417 secundae
1400 1355 1505 1418 classis
1528 1355 1612 1439 (ΤΗ)
1633 1356 1665 1418 in
1688 1355 1873 1437 quibusdam
1895 1357 1976 1420 vitiis

101 1464 241 1536 concinit,
271 1465 456 1526 sententiam
483 1483 586 1528 meam
614 1464 798 1528 labefactare
829 1468 937 1547 potest.
989 1463 1070 1528 Sunt
1097 1464 1178 1526 enirn
1209 1482 1244 1527 ea
1272 1467 1303 1527 et
1331 1464 1516 1546 paucissima
1538 1467 1569 1528 et
1591 1450 1807 1543 minutissima,
1834 1472 1870 1530 ut
1892 1468 1976 1531 casui

101 1574 194 1638 tribui
217 1578 339 1655 queamt.

251 1684 346 1746 Deest
368 1684 449 1746 enim
474 1686 542 1760 323
565 1686 611 1764 ἐξ,
638 1685 696 1748 nisi
719 1686 744 1748 T
764 1685 813 1748 uel
842 1686 984 1748 librarius
1008 1685 1172 1766 archetppi
1200 1684 1281 1747 unde
1304 1684 1420 1748 codices
1452 1685 1550 1748 nostri
1572 1684 1735 1761 fluxerunt
1757 1710 1797 1749 ex
1819 1690 1891 1751 ante
1913 1688 1978 1749 illis

100 1795 212 1867 omisit,
246 1795 326 1857 inY
349 1813 445 1876 aeque
476 1798 567 1876 atque
596 1796 627 1857 in
649 1795 720 1868 FH;
761 1797 878 1869 laci
908 1798 938 1859 et
967 1796 1023 1858 ΤΗ
1052 1796 1200 1878 praebent
1227 1807 1281 1861 καὶ
1303 1794 1342 1878 (Τ
1363 1794 1404 1876 ct)
1432 1815 1486 1877 pro
1513 1794 1610 1874 uacci,
1641 1815 1718 1876 quas
1749 1797 1826 1860 diras
1853 1798 1977 1861 voculas

99 1907 266 1969 sexcenties
289 1905 430 1969 confusas
453 1925 518 1970 esse
541 1926 631 1970 nemo
654 1907 758 1981 nescit,
783 1907 853 1981 (583
875 1907 948 1969 Yet
971 1906 1027 1969 ΤΗ
1050 1904 1250 1995 θερμότητος
1272 1917 1327 1972 καῖ
1350 1904 1553 1995 ψυχρότητος
1577 1906 1616 1990 (Τ
1640 1908 1708 1982 10‚3
1724 1929 1745 1968 a
1767 1909 1928 1970 caliditate
1949 1918 1980 1970 et

89 2014 295 2100 frigiditate)
316 2036 370 2098 pro
392 2016 604 2104 θερμοτὴιων
625 2028 679 2084 καὶ
703 2017 927 2107 ψυχροτήιων,
959 2036 1036 2098 quae
1059 2016 1121 2080 fere
1144 2015 1315 2080 differentia
1337 2016 1423 2079 nulla
1445 2019 1500 2092 est,
1531 2036 1603 2080 cum
1626 2017 1857 2082 terminationes
1887 2047 1978 2104 ιητος

101 2129 133 2188 et
153 2126 256 2214 ιὴτων
275 2146 330 2208 per
353 2126 569 2208 compendium
600 2127 729 2209 scriptae
760 2127 948 2190 simillimam
979 2127 1111 2209 speciem
1141 2127 1283 2190 habeant
1338 2126 1406 2201 20,ss
1442 2127 1625 2209 archetypus
1653 2129 1794 2209 praebuit
1820 2140 1892 2219 rupi
1913 2134 1979 2197 cair

103 2239 224 2321 pacari
247 2236 434 2324 παθήματα
464 2257 573 2314 errore,
608 2258 700 2319 quem
723 2238 761 2311 H,
801 2240 837 2301 ut
869 2240 921 2319 qui
950 2239 1089 2302 omnium
1111 2237 1336 2317 religiosissime
1367 2235 1538 2319 descriptus
1562 2239 1609 2313 sit,
1631 2238 1765 2314 retinuit,
1792 2239 1816 2301 Τ
1839 2240 1870 2301 et
1898 2238 1977 2300 Yin

103 2358 175 2434 περὶ
203 2349 269 2413 τῶν
296 2354 437 2432 φυσικῶν
455 2347 680 2437 παθημάτων,
705 2349 836 2411 duarum
852 2349 1042 2429 reliquarum
1060 2346 1248 2410 familiarum
1263 2347 1414 2429 principes
1429 2348 1461 2409 in
1484 2346 1619 2433 rescisci
1644 2350 1761 2432 φυσικά
1785 2348 1975 2435 παθήματα

102 2460 309 2519 mutarerunt.
340 2456 454 2521 Contra
469 2460 550 2521 recte
571 2458 661 2532 126,3
676 2458 703 2520 Y
718 2458 756 2540 (T
773 2459 861 2528 lali
877 2459 972 2521 valde
985 2456 1145 2540 parvam)
1161 2461 1192 2521 et
1206 2458 1237 2520 H
1251 2458 1413 2521 lectionem
1436 2458 1593 2540 archetypi
1607 2460 1711 2522 nunus
1727 2459 1807 2522 clare
1822 2459 1976 2541 depictam

103 2569 218 2655 μικρὸν
240 2565 325 2648 ἄγαν
347 2570 563 2640 serraveruut3
592 2587 664 2630 sero
685 2569 820 2650 proxime
850 2569 1000 2632 remansit
1021 2568 1046 2630 F
1074 2570 1186 2657 μικρὸν
1208 2616 1214 2629 .
1237 2616 1244 2629 .
1265 2596 1339 2643 ταν,
1368 2567 1467 2649 magis
1496 2569 1622 2630 recessit
1652 2569 1682 2631 K
1704 2568 1830 2660 (μικρὸν
1860 2569 1975 2637 adcor)

102 2676 129 2739 P
153 2677 278 2762 (μικρὸν
297 2678 414 2757 νῶτα),
437 2678 569 2740 maxime
584 2678 639 2740 DL
661 2676 789 2767 (μικρὸν
810 2679 935 2759 νῶτον).
971 2679 1052 2741 Item
1066 2679 1094 2741 Y
1109 2681 1140 2742 et
1154 2678 1210 2741 ΡΗ
1227 2679 1315 2754 147,7
1340 2679 1504 2741 articulum
1518 2680 1560 2744 roi
1583 2679 1621 2762 (T
1646 2678 1884 2760 talemquese
1905 2689 1979 2740 srrnl

102 2788 187 2849 circa
204 2786 323 2868 pectas)
347 2789 417 2848 ante
440 2798 514 2876 περὶ
536 2785 578 2853 ια’
602 2787 707 2875 στήθη
729 2789 811 2849 recte
834 2791 1040 2850 serraverunt.

252 2897 392 2977 Denique
407 2915 446 2959 ne
463 2897 561 2977 quise
578 2916 729 2961 consensu
745 2898 797 2977 qui
821 2899 889 2972 74,3
912 2899 943 2960 in
966 2899 1094 2962 lectione
1116 2897 1290 2991 ἐρρώμεθα
1311 2899 1345 2983 (Τ
1370 2899 1459 2963 1020
1471 2901 1579 2979 sortes
1600 2898 1725 2983 sicinus)
1738 2900 1818 2961 inter
1832 2898 1858 2961 Y
1874 2902 1905 2962 et
1920 2899 1975 2961 DL

103 3007 245 3082 cernitur,
271 3026 342 3070 oum
364 3007 421 3070 KP
443 3005 608 3098 ιῗρώμεθα,
637 3008 662 3070 F
664 3009 694 3071 H
716 3008 884 3098 aipipa‘ra
915 3009 1089 3091 praebeant,
1119 3009 1205 3071 illam
1235 3009 1397 3072 lectionem
1428 3029 1489 3073 non
1511 3028 1527 3072 e
1550 3010 1579 3072 X
1601 3010 1632 3072 in
1655 3009 1710 3072 DL
1740 3026 1891 3082 manasse,
1924 3008 1976 3071 sed

103 3119 264 3182 correctori
298 3117 389 3180 huius
420 3117 552 3182 familiae
583 3119 684 3182 deberi
713 3119 775 3181 iam
804 3122 874 3182 ante
905 3120 960 3182 hos
990 3119 1066 3182 duos
1095 3138 1191 3183 annos
1222 3118 1254 3181 in
1283 3118 1402 3181 dissert.
1432 3119 1469 3181 de
1497 3119 1588 3182 Arist.
1618 3119 1777 3201 php‘siogn.
1798 3139 1857 3183 rec.
1885 3140 1913 3202 p.
1936 3120 1975 3181 ai

104 3228 248 3310 probasse
271 3228 346 3289 mihi
368 3229 477 3290 uidcor.

255 3338 340 3401 Haec
369 3339 395 3401 si
424 3341 505 3401 recte
535 3339 691 3421 disputata
720 3342 800 3411 sunt,
829 3342 864 3402 ut
894 3339 1043 3416 uidentur,
1071 3341 1171 3403 elucet
1199 3340 1293 3403 etiam
1322 3339 1423 3402 maius
1453 3358 1518 3402 esse
1546 3339 1680 3421 pretium
1707 3339 1853 3402 versionis
1882 3357 1977 3419 quam

104 3452 179 3513 tnnc
201 3452 378 3513 statueram.
421 3449 491 3512 Non
514 3450 597 3512 enim
619 3468 634 3512 e
656 3450 695 3527 X,
720 3449 774 3512 sed
796 3468 831 3512 ex
854 3450 911 3512 alio
934 3450 1017 3514 fonte
1039 3450 1089 3513 hic
1110 3451 1172 3513 illic
1194 3450 1314 3532 puriore
1337 3449 1432 3512 fluxit

255 3720 340 3784 Haec
380 3722 443 3784 iam
479 3722 593 3803 scripta
637 3725 728 3801 atque
768 3722 849 3803 tppis
896 3721 1043 3784 mandata
1090 3724 1191 3797 erant,
1232 3740 1303 3784 cum
1336 3721 1452 3784 Ioanne
1477 3720 1596 3783 Veludo
1636 3720 1776 3796 comiter,
1818 3690 1854 3783 irt
1892 3720 1976 3793 solet

104 3831 311 3895 intercedente
334 3851 352 3894 a
374 3833 477 3895 Marco
501 3832 639 3907 Girardo
661 3832 887 3896 bibliothecario
908 3831 1066 3907 Patauino,
1096 3831 1145 3895 oui
1167 3831 1315 3913 plurimas
1338 3834 1440 3911 grates
1470 3831 1614 3894 hocloco
1637 3849 1725 3910 agere
1748 3831 1845 3905 liceat
1869 3830 1978 3892 certior

103 3943 203 4006 factus
232 3960 301 4003 sum
331 3943 503 4005 accuratius
534 3943 570 4006 de
600 3942 701 4006 codice
729 3943 927 4005 bibliothocae
958 3943 1150 4005 Antonianae
1177 3942 1326 4004 Patauino
1354 3942 1415 4003 310
1445 3942 1641 4005 hiinciottum
1678 3961 1772 4022 quam
1800 3960 1892 4022 quem
1922 3961 1977 4023 ego

103 4053 291 4117 credideram
314 4051 344 4133 (p
379 4053 429 4135 22)
452 4054 652 4116 Tomasinum
673 4054 837 4116 rettulisse.
881 4054 950 4116 Iam
977 4054 1070 4134 igitur
1096 4071 1195 4132 neque
1225 4070 1356 4135 persona
1384 4071 1483 4132 neque
1514 4057 1599 4116 aetas
1628 4052 1802 4132 interpretis
1825 4051 1871 4135 (Τ)
1893 4053 1977 4115 latet.

104 4161 206 4225 Vertit
227 4162 374 4242 magister
395 4162 445 4224 illo
472 4163 803 4226 Bartholomaeus
833 4165 874 4227 de
901 4165 1077 4227 Messana
1102 4163 1205 4226 iussus
1228 4162 1435 4236 amalfredo,
1466 4162 1518 4243 qui
1542 4162 1660 4225 Siciliae
1684 4181 1813 4242 regnum
1836 4164 1874 4226 ab
1898 4182 1977 4227 auno

106 4273 186 4334 1258
209 4293 307 4353 usque
330 4272 368 4334 ad
393 4272 473 4333 1266
497 4274 628 4346 tenebat,
650 4293 712 4336 non
735 4274 834 4337 solum
849 4274 1023 4338 Aristotelis
1038 4274 1236 4356 problemata
1259 4273 1296 4336 de
1311 4274 1475 4356 principiis,
1498 4271 1534 4335 de
1551 4272 1743 4335 mirabilibus
1759 4272 1975 4348 auditionibus,

104 4380 141 4443 de
166 4382 267 4462 signis,
297 4382 467 4446 sedetiam
498 4383 860 4464 ,physiognonroniamat
905 4385 998 4447 Extat
1025 4384 1107 4446 enim
1133 4383 1164 4446 in
1190 4383 1282 4447 huius
1311 4382 1411 4447 fronte
1440 4402 1536 4463 aequo
1563 4386 1655 4462 atque
1685 4383 1716 4444 in
1746 4383 1870 4463 reliquis
1899 4401 1977 4462 quae

105 4491 288 4556 antecedunt
315 4494 441 4557 titulus:
484 4492 597 4574 Incipit
622 4493 718 4556 Liber
744 4495 783 4556 dr
809 4495 1091 4576 plrysrcgirornonia
1118 4488 1295 4557 trairslatrrs
1327 4495 1366 4556 de
1385 4514 1505 4576 graeco
1534 4495 1566 4554 in
1597 4493 1732 4555 latinum
1762 4514 1783 4554 a
1813 4493 1976 4574 diagistrc

104 4601 323 4665 Bartholomco
344 4605 383 4666 de
406 4604 557 4666 Messana
580 4607 613 4666 in
635 4608 725 4667 curia
748 4605 958 4668 illustrissimi
977 4607 1150 4686 diarzjredi
1175 4607 1371 4668 serenissimi
1396 4607 1483 4686 regis
1504 4604 1634 4666 Sr‘ciliae
1654 4605 1801 4665 scientiae
1822 4603 1979 4665 uitiatoris

103 4711 142 4772 de
165 4711 316 4773 niarrdcto
337 4735 400 4776 siro,
445 4715 483 4777 In
505 4715 565 4777 fine
588 4715 822 4796 problematum,
846 4735 864 4779 a
886 4717 998 4797 quibus
1020 4717 1113 4780 codex
1134 4716 1248 4798 incipit
1270 4717 1383 4797 legitur
1404 4717 1461 4779 hoc
1483 4715 1651 4778 distichon:

607 4825 678 4887 Rex
700 4826 881 4906 alfcnfrrde,
906 4832 970 4889 ruci
988 4829 1139 4908 scriptura
1162 4828 1229 4909 lege
1251 4827 1477 4892 Bcrtlrclcmei.

612 4936 726 4999 Parim
747 4947 778 4998 et
798 4938 853 5001 ala
875 4937 940 5000 Dei
958 4939 1003 5000 sis
1025 4938 1109 4999 milri
1127 4958 1225 5000 causa
1246 4939 1319 5017 spei.

107 5071 509 5081 .-———--·—-—-——

252 5119 271 5184 ¹)
288 5117 393 5170 Libellis
406 5119 449 5187 qui
463 5119 504 5171 his
517 5120 658 5173 succedunt
676 5120 712 5172 dc
730 5121 953 5175 inundatione
971 5120 1054 5186 Nili,
1074 5121 1110 5174 do
1127 5121 1256 5186 mundo,
1276 5122 1311 5173 dc
1329 5119 1539 5183 animalibus,
1559 5119 1593 5171 de
1611 5117 1817 5171 differentiis
1836 5115 1977 5184 spiritus

99 5205 132 5254 at
150 5203 281 5265 animae,
301 5204 336 5256 de
354 5207 439 5256 motu
458 5205 659 5258 animalium
677 5206 702 5257 in
718 5206 803 5259 codice
816 5210 918 5260 tantum
930 5207 1024 5260 titulus
1040 5207 1167 5276 praefixus
1180 5212 1232 5258 est:
1257 5210 1344 5271 Incipit
1360 5209 1419 5254 liber
1434 5207 1558 5254 ‹zris-rutilis
1577 5206 1612 5260 dr,
1630 5219 1723 5255 nomeu
1736 5202 1883 5270 interpretis
1897 5201 1977 5255 dcost.
