4576 6196
1027 627 1228 722 AL.

343 830 404 894 Sed
423 831 517 893 etiam
531 830 561 892 in
584 829 752 893 elocutione
768 829 865 892 latina
887 832 961 893 sunt
983 849 1062 911 quae
1085 829 1251 895 dissonent.
1284 827 1327 908 οἷς
1350 827 1493 911 (ἁπλῶς)
1514 834 1619 896 εἰπεῖν
1640 827 1803 908 Tercepto
1819 846 1880 890 uno
1894 827 1960 890 loeo
1982 825 2068 910 (5,3),

189 961 249 1023 qno
264 952 311 1004 est
324 941 447 1017 addidit,
470 939 651 1004 adverbum
666 940 770 1003 vertit:
794 949 830 1002 ut
843 941 1055 1023 (simpliciter)
1076 939 1188 1015 dicere,
1205 939 1233 1004 G
1248 958 1318 1003 vero
1334 957 1469 1020 semper:
1492 947 1527 999 ut
1539 948 1586 999 est
1603 937 1707 1000 dicere
1716 935 1743 1019 ¹)
1758 937 1808 1000 vel
1829 947 1864 998 ut
1884 958 2069 1019 corrsequens

187 1052 238 1114 vel
258 1053 439 1114 conveniens
459 1062 506 1113 est
520 1051 661 1134 dicerer)
695 1050 888 1113 Infinitivum
911 1069 930 1113 a
949 1051 1170 1133 praepositione
1193 1049 1419 1132 suspensumT
1441 1047 1588 1130 gerundio
1611 1046 1711 1111 reddit
1733 1047 1839 1131 (leda
1854 1050 1885 1111 et
1901 1050 1940 1110 20
1956 1053 1988 1113 et
2010 1052 2066 1118 2l3

191 1161 296 1237 11,24;
328 1161 418 1244 lae),
448 1160 476 1225 G
504 1162 610 1244 paucis
640 1161 713 1225 locis
729 1160 896 1244 exceptis³)
912 1161 1064 1224 intactum
1085 1161 1248 1242 relinquit;
1279 1161 1354 1224 item
1375 1158 1561 1222 infinitivum
1584 1158 1622 1220 ab
1645 1157 1792 1221 adiectivo
1815 1177 2008 1241 suspensum,
2031 1165 2069 1224 ut

189 1271 317 1355 οἶγαθοῐ
339 1288 462 1356 φαγεῖν,
492 1272 606 1351 ἱκανός
627 1278 741 1349 εἰπεῖν,
768 1271 794 1334 Τ
823 1270 970 1351 gerundio
1000 1271 1108 1334 abad
1136 1270 1359 1354 praepositione
1389 1288 1537 1351 suspenso
1565 1269 1653 1348 (boni
1680 1268 1728 1331 ad
1750 1269 1969 1332 comedendam
2000 1272 2068 1348 9,9;

188 1384 346 1465 sufficiens
367 1380 415 1444 ad
432 1380 598 1444 debendum
622 1381 705 1464 10,1)
727 1380 835 1459 reddit,
858 1382 886 1447 G
907 1401 969 1445 non
990 1382 1074 1444 item.

340 1619 452 1683 Restat
474 1620 612 1699 quaestio
634 1618 773 1682 omnium
795 1618 977 1698 gravissima
998 1618 1036 1680 de
1058 1617 1188 1700 pretio
1210 1615 1351 1679 critico
1373 1615 1529 1678 versionis.

341 1734 387 1794 Ac
401 1730 538 1813 primum
554 1728 678 1810 quidem
699 1728 903 1792 manifestum
923 1730 971 1791 est
992 1745 1140 1808 maguam
1161 1730 1282 1810 partem
1304 1726 1456 1798 vitiorum,
1478 1743 1557 1806 quae
1580 1726 1619 1789 ad
1640 1726 1678 1801 X,
1702 1725 1904 1808 archetypum
1926 1727 2067 1792 codicum

191 1858 371 1918 graecorum
394 1839 604 1922 superstitum,
626 1838 785 1902 referenda
807 1840 888 1914 sunt,
911 1838 1005 1901 etiam
1032 1838 1064 1900 in
1086 1836 1195 1912 codice,
1223 1855 1316 1917 quem
1337 1837 1362 1898 T
1384 1835 1531 1912 adhibuit,
1553 1835 1655 1899 luisse.
1690 1836 1742 1898 Ita
1761 1836 1837 1917 legit
1851 1837 1875 1899 T
1890 1839 1926 1900 ut
1946 1838 2067 1903 llfalso

187 1948 273 2016 καιᾰ
288 1949 482 2029 (secundum)
498 1949 587 2024 15,10
599 1947 658 2033 (ed.
670 1948 741 2031 rc),
754 1947 952 2028 διαλεκτικός
967 1949 1117 2030 (laquens)
1129 1967 1184 2030 pro
1198 1946 1363 2026 διάλεκτος
1378 1948 1458 2023 48,4,
1474 1943 1616 2029 εὔθυμος
1629 1947 1815 2026 (animosus)
1831 1966 1886 2029 pro
1901 1944 2067 2032 εὔρυθμος

189 2061 267 2133 54,1,
292 2070 377 2141 γένει
410 2059 554 2141 (genere)
582 2058 659 2134 78,6,
681 2060 892 2143 ἐμπεπτωκός
913 2054 964 2125 ὅτι
984 2057 1116 2138 (cadens
1137 2059 1223 2140 quod
1274 2058 1318 2120 X:
1338 2056 1579 2142 dpasaewro'ca)
1604 2075 1658 2138 pro
1684 2056 1892 2142 ἔμπεπωιιόσι
1916 2059 2015 2132 leae,
2044 2057 2066 2145 ἢ

188 2169 276 2249 (aut)
290 2188 344 2250 pro
366 2167 390 2235 a·
414 2168 504 2245 lssl,6
526 2173 558 2233 et
582 2169 672 2246 leae
694 2172 725 2232 et
747 2169 850 2232 omisit
871 2196 917 2248 τις
939 2171 1010 2232 aute
1032 2183 1098 2248 τοῖς
1122 2168 1201 2244 lat,
1223 2179 1277 2234 καῖ
1300 2169 1356 2236 ἐπὶ
1376 2181 1411 2234 τί
1429 2168 1497 2242 23,1
1521 2169 1553 2230 et
1575 2166 1683 2249 e‘z'post
1703 2167 1869 2257 χρώμασιν
1885 2168 1973 2243 1631
2008 2168 2066 2231 td.

186 2279 263 2342 Inde
285 2297 323 2342 ue
345 2297 545 2361 praepropere
567 2280 748 2360 colligamus
770 2280 912 2355 codicem,
936 2297 1028 2358 quem
1043 2279 1068 2341 Τ
1084 2278 1231 2354 adhibuit,
1253 2315 1294 2325 -
1309 2278 1413 2341 littera
1427 2277 1453 2340 Y
1469 2295 1541 2341 eum
1562 2277 1708 2358 insignire
1729 2278 1821 2342 liceat
1835 2315 1876 2324 -
1899 2280 1937 2342 ab
1959 2279 2066 2343 eodem

188 2409 248 2471 quo
275 2389 392 2452 codices
414 2390 514 2469 graeci
536 2391 715 2471 superstites
738 2391 902 2472 archetypo
923 2388 1125 2472 repetendum
1147 2407 1214 2452 esse
1236 2404 1369 2468 magnus
1395 2407 1545 2451 numerus
1571 2388 1708 2451 locorum
1729 2392 1843 2464 mouet,
1871 2390 1981 2469 quibus
2003 2409 2065 2453 nou

185 2500 225 2580 X,
250 2499 304 2562 sed
325 2499 352 2561 Y
374 2499 536 2562 lectionem
564 2501 731 2580 genuinam
754 2499 893 2575 servavit,
919 2501 953 2562 ut
976 2499 1045 2574 15,2
1067 2499 1276 2586 διασαφήσιιε
1299 2498 1572 2578 (araarifestabunt,
1595 2498 1718 2561 cumll
1746 2498 1889 2563 habuerit
1912 2502 2065 2588 ὄιαοαφη·

186 2615 281 2695 θείη),
313 2609 379 2683 16,1
404 2607 563 2678 ἁπάντων
583 2610 742 2689 (omm'bus
769 2610 816 2673 X:
839 2608 928 2677 α’νῧν
949 2609 968 2671 i.
990 2629 1015 2672 a·
1038 2607 1255 2698 ἀνθρώπων),
1280 2609 1348 2685 78,2
1370 2610 1496 2694 μᾶλλον
1520 2610 1640 2690 (inagis
1682 2608 1725 2671 X:
1742 2608 1874 2693 μάλιστ’
1897 2607 1965 2693 c'e'v),
1993 2611 2063 2682 983

187 2716 451 2807 eaperecapere
469 2720 576 2798 fortes
605 2719 651 2782 X:
667 2717 899 2806 εὐπάρωστοι),
928 2720 1017 2796 1032
1044 2721 1195 2803 δέχονται
1219 2720 1382 2800 (appetunt
1405 2719 1453 2781 vel
1474 2719 1631 2798 accipiunt
1661 2718 1703 2781 X:
1723 2721 1881 2804 χέονται),
1912 2721 2001 2795 lael
2025 2719 2062 2787 οό

185 2840 336 2911 μέτωπον
356 2827 508 2908 (frontem
541 2829 647 2919 Xteqi
668 2828 835 2920 μετώπῳ),
859 2829 950 2907 laea
971 2842 1174 2918 παρέχονται
1191 2829 1357 2910 praebent
1387 2829 1429 2891 X:
1443 2831 1668 2917 παρέχοντες),
1694 2828 1803 2906 72,2ἁ“
1824 2829 1921 2911 (quae
1945 2831 2062 2911 Xom.)

188 2938 278 3013 idai
301 2966 331 3003 τι
360 2937 503 3020 (aliquid
538 2938 665 3024 Xom.).
707 2940 796 3016 leat
817 2959 861 3023 sq.
893 2941 986 3010 verba
1008 2939 1101 3027 οὔσης
1122 2937 1186 3029 γάρ
1212 2940 1267 3026 τῆς
1289 2966 1323 3005 τε
1345 2938 1445 3029 φορᾶς
1471 2975 1508 2983 -
1533 2941 1765 3008 ἐπιτελιστικοῐ
1791 2951 1846 3006 καὶ
1875 2947 2062 3025 αἶσθητικοῐ

187 3067 266 3129 quae
288 3048 320 3111 in
341 3049 371 3111 X
394 3066 429 3111 en
451 3049 701 3113 antecedentibus
723 3069 886 3134 perperam
907 3051 1038 3134 repetita
1059 3052 1133 3114 sunt
1154 3049 1180 3112 Υ
1204 3069 1266 3113 non
1287 3050 1403 3112 habuit.

338 3161 384 3222 Ae
406 3159 431 3221 si
454 3160 523 3238 quis
546 3161 710 3223 arbitretur
731 3161 788 3224 has
811 3162 957 3226 lectiones
979 3181 1042 3225 non
1064 3180 1131 3225 esse
1153 3160 1292 3236 traditas,
1315 3160 1369 3224 sed
1393 3160 1515 3241 ingenio
1542 3159 1656 3223 librarii
1683 3160 1793 3223 codicis
1815 3159 1842 3222 Y
1865 3195 1904 3204 -
1926 3179 2002 3224 nam
2024 3161 2063 3225 de

185 3268 351 3349 interprete
363 3269 415 3351 (T)
431 3288 522 3333 nemo
537 3271 682 3350 cogitabit
698 3272 750 3351 qui
764 3272 941 3336 meminerit
955 3290 1062 3335 eorum
1077 3290 1156 3352 quae
1172 3289 1265 3353 supra
1280 3271 1321 3352 (p.
1334 3271 1374 3332 23
1386 3270 1445 3353 sq.)
1460 3270 1551 3333 attuli
1563 3306 1603 3315 -
1615 3269 1726 3345 deberi,
1736 3269 1867 3333 missam
1877 3270 1969 3333 faoiet
1981 3271 2064 3334 hanc

186 3377 368 3459 opinionem,
397 3381 433 3441 ut
460 3397 515 3458 ego
542 3379 668 3442 meliora
689 3380 727 3442 de
749 3380 849 3444 forma
871 3382 1005 3462 genuina
1026 3381 1173 3444 versionis
1196 3381 1321 3445 edoctus
1342 3380 1471 3443 missam
1493 3380 1622 3462 iacere⁴l
1648 3379 1748 3444 didici.
1791 3380 1878 3444 Num
1899 3381 2061 3445 lectionem

187 3487 275 3562 ll5‚l
305 3486 347 3567 οἷς
374 3491 410 3556 ed
434 3486 503 3557 ἄνω
530 3493 635 3573 χεῖλος
663 3492 745 3574 πρὸς
773 3489 810 3557 ed
841 3492 927 3559 κάτω
958 3493 1202 3578 ἐπιβεβλῆσθαι
1234 3493 1312 3581 πρὸς
1332 3492 1392 3570 τοὶς
1419 3495 1605 3576 συγχειλίας,
1635 3509 1713 3570 quae
1734 3489 1894 3572 interpreti
1915 3492 2060 3554 vertenti:

185 3597 231 3656 ita
254 3598 338 3677 qaod
355 3600 500 3679 saperius
521 3599 641 3661 debeam
664 3600 710 3661 ad
732 3601 867 3680 inferias
887 3602 1100 3683 protendatur
1126 3602 1173 3662 ad
1191 3603 1431 3663 canr'ancteoaem
1453 3602 1611 3664 labiorum
1634 3600 1754 3685 (1330)
1777 3603 1849 3663 ante
1871 3601 1975 3665 oculos
1994 3602 2061 3677 fuit,

186 3706 398 3770 emendatione
410 3708 493 3771 scioli
504 3709 669 3791 Byzantini
687 3711 758 3773 oriri
768 3711 904 3793 potuisse
916 3730 1023 3775 censes
1034 3730 1069 3773 er
1081 3729 1124 3786 ea,
1141 3730 1219 3791 quae
1231 3710 1290 3773 fuit
1304 3711 1337 3774 in
1350 3712 1396 3776 X:
1413 3711 1455 3791 aig
1466 3714 1521 3778 ἐπὶ
1535 3711 1593 3780 roo
1610 3709 1677 3779 ἄνω
1689 3716 1812 3796 χείλους
1824 3712 1904 3800 πρὸς
1918 3709 1956 3778 τὸ
1971 3710 2060 3779 κάτω

186 3816 427 3903 ἐπιβεβλῆσθαι
452 3820 490 3884 τὰ
518 3817 597 3909 πρὸς
621 3819 681 3900 τοὶς
708 3823 915 3906 συγχειλίαςλ
940 3820 1026 3884 Num
1040 3840 1060 3903 p
1076 3820 1144 3897 64,1
1161 3822 1254 3884 verba
1274 3816 1312 3908 ἦν
1333 3819 1473 3889 λύεσθαι
1489 3821 1574 3900 (illd
1589 3821 1741 3902 contingit
1756 3820 1930 3903 dz'ssolvr')⁵)
1952 3824 2060 3903 suopte

186 3942 222 3987 ex
243 3924 365 4004 ingenio
387 3927 563 4008 depromere
586 3932 618 3992 et
640 3936 709 4012 post
731 3933 824 3995 verba
843 3931 903 4019 τήν
925 3934 980 3999 ἐπὶ
1002 3938 1059 4000 τοῦ
1081 3931 1227 4016 σώματος
1250 3930 1380 4017 μορφήν
1403 3925 1503 3999 οὖσαν
1524 3931 1657 3994 inserere
1676 3932 1811 4013 potuisse
1834 3950 1940 3995 censes
1961 3951 2060 3994 imum

186 4053 221 4096 ex
243 4035 311 4098 istis
333 4037 535 4118 magistellis?
568 4041 659 4104 Istud
680 4042 921 4106 homuncionum
944 4061 1041 4123 genus
1071 4041 1144 4122 quid
1166 4041 1304 4117 voluerit,
1327 4040 1490 4104 ostendent
1510 4040 1565 4103 tibi
1591 4041 1736 4104 lectiones
1758 4042 1897 4105 codicum
1919 4041 1974 4103 DL
2003 4042 2061 4104 hoc

184 4143 249 4207 loco
264 4146 370 4207 manui
385 4149 554 4211 correctrici
577 4150 695 4213 debitae
717 4145 758 4238 ἤν
779 4170 834 4233 pro
856 4152 905 4219 ι”τι
928 4155 959 4216 et
979 4166 1163 4237 perempto
1185 4145 1293 4220 οὖσαν.
1332 4155 1382 4214 Au
1404 4151 1456 4231 qui
1478 4151 1521 4213 ita
1542 4151 1575 4212 in
1597 4153 1662 4213 arte
1685 4151 1868 4214 emendandi
1889 4151 2059 4234 principem

186 4271 217 4315 se
233 4254 377 4332 exhibuit,
400 4275 472 4320 eum
486 4258 599 4322 leviora
612 4261 733 4337 menda,
758 4280 836 4341 quae
853 4263 953 4325 multa
967 4264 1190 4338 remanserunt,
1205 4281 1266 4325 non
1283 4262 1486 4335 sublaturum,
1501 4261 1596 4324 immo
1611 4280 1682 4325 vero
1696 4280 1775 4324 nova
1788 4262 1950 4325 illatumm
1965 4262 2059 4325 fuisse

184 4365 300 4443 putas?
329 4365 412 4430 Nam
435 4371 509 4431 sunt
530 4369 624 4433 etiam
646 4370 722 4435 falso
744 4372 775 4434 iu
791 4372 818 4434 Y
833 4373 947 4455 scripta
961 4373 1009 4436 vel
1025 4372 1146 4446 omissa,
1175 4390 1253 4452 quae
1275 4375 1356 4436 recte
1371 4373 1403 4434 in
1418 4372 1446 4434 X
1462 4371 1615 4453 leguntur.
1651 4372 1693 4434 Et
1714 4371 1795 4452 quid,
1818 4391 1940 4453 quaeso,
1962 4373 1999 4435 de
2021 4373 2059 4435 iis

184 4473 257 4536 locis
271 4474 429 4553 iudicabis,
454 4479 564 4559 quibus
580 4480 607 4543 Y
622 4481 783 4546 lectionem
798 4483 922 4564 quidem
937 4483 1090 4563 integram
1104 4501 1165 4545 nou
1186 4483 1320 4564 praebet,
1343 4482 1397 4546 sed
1411 4487 1532 4565 partem
1546 4483 1609 4545 veri
1625 4482 1764 4558 servavit,
1781 4501 1859 4563 quae
1873 4482 1960 4545 deest
1973 4483 2006 4544 in
2020 4485 2057 4557 X,

184 4583 283 4663 qualis
306 4588 354 4648 est
375 4587 460 4650 locus
489 4590 558 4664 4,17
582 4592 713 4672 qrer'dam
735 4601 839 4654 autem
861 4615 902 4656 ex
928 4594 1069 4655 moribus
1090 4593 1324 4675 apparentibus,
1352 4593 1461 4674 quales
1487 4615 1590 4656 mores
1617 4592 1847 4672 disposriebaem
1876 4601 2056 4672 sequantur.

183 4748 251 4755 ι...-
254 4750 262 4755 -
266 4750 432 4759 *ῃ-

337 4817 358 4879 ¹]
376 4813 484 4868 Duobus
500 4816 562 4869 locis
580 4817 613 4885 (R
630 4817 688 4882 251,
708 4817 741 4872 26
758 4822 785 4872 et
802 4819 860 4885 272,
878 4819 923 4887 24)
942 4819 1035 4888 quibus
1053 4828 1088 4869 est
1104 4819 1176 4872 deest
1193 4820 1248 4873 sine
1266 4819 1343 4872 dubio
1361 4837 1421 4873 casu
1439 4819 1539 4873 excidit

335 4897 354 4966 ²)
371 4898 408 4952 cf.
427 4899 574 4954 Susamiblii
592 4903 625 4955 ad
643 4903 664 4955 P
681 4904 705 4969 a,
724 4903 757 4956 10
774 4907 869 4959 notam.

335 4987 355 5050 ³]
370 4983 393 5036 P
410 4983 468 5050 261,
488 4986 521 5037 14
538 4989 574 5034 ad
588 4990 744 5036 iude'candum
754 5006 765 5043 ,·
782 4988 839 5053 265,
852 4989 868 5042 9
880 4992 916 5039 ad
929 4991 1088 5045 laedendum:
1105 4990 1189 5055 553‚3
1201 4993 1236 5039 ad
1243 4992 1402 5055 finiendum
1418 4991 1440 5043 P
1457 4990 1515 5054 546,
1535 4989 1568 5042 10
1579 4993 1606 5040 et
1616 4988 1641 5041 R
1653 4987 1734 5053 305,‘i
1754 4990 1781 5036 in
1790 4991 1919 5052 finiendo:
1936 4987 2057 5049 R253,4

179 5067 208 5114 in
229 5069 351 5122 habenda·
368 5067 393 5120 R
410 5067 495 5134 208,2
511 5073 538 5118 in
555 5073 710 5121 exhortando.

333 5155 356 5211 ⁴)
374 5152 459 5205 Aliter
476 5155 543 5206 aeusi
562 5154 593 5207 do
611 5156 718 5209 Aristot.
738 5173 802 5225 quoe
819 5157 864 5209 lor.
882 5157 955 5226 phys.
975 5175 1023 5211 ree.
1042 5177 1066 5228 p.
1086 5159 1119 5212 23
1137 5176 1174 5228 sq.

333 5235 354 5305 ὅ)
371 5236 408 5292 Cf.
427 5239 467 5304 69,
482 5238 499 5291 8
518 5240 574 5290 ἔστι
592 5233 788 5307 διαγινώσκειν
806 5262 840 5288 =
858 5242 916 5307 10,ss
934 5247 1050 5309 contingit
1066 5261 1206 5310 cognoscere.
