<?xml version="1.0" encoding="UTF-8"?>
<!DOCTYPE html PUBLIC "-//W3C//DTD XHTML 1.0 Transitional//EN"
    "http://www.w3.org/TR/xhtml1/DTD/xhtml1-transitional.dtd">
<html xmlns="http://www.w3.org/1999/xhtml" xml:lang="en" lang="en">
 <head>
  <title>
</title>
<meta http-equiv="Content-Type" content="text/html;charset=utf-8" />
  <meta name='ocr-system' content='tesseract 3.04.00' />
  <meta name='ocr-capabilities' content='ocr_page ocr_carea ocr_par ocr_line ocrx_word'/>
</head>
<body>
  <div class='ocr_page' id='page_1' title='image "./dissertatiodetr00frgoog_0018.png"; bbox 0 0 4576 6196; ppageno 0'>
   <div class='ocr_carea' id='block_1_1' title="bbox 1112 681 1149 741">
    <p class='ocr_par' dir='ltr' id='par_1_1' title="bbox 1112 681 1149 741">
     <span class='ocr_line' id='line_1_1' title="bbox 1112 681 1149 741; baseline 0 0"><span class='ocrx_word' id='word_1_1' title='bbox 1112 681 1149 741; x_wconf 89' lang='lat' dir='ltr'>ll</span> 
     </span>
    </p>
   </div>
   <div class='ocr_carea' id='block_1_2' title="bbox 189 884 2071 2845">
    <p class='ocr_par' dir='ltr' id='par_1_2' title="bbox 189 884 2071 2845">
     <span class='ocr_line' id='line_1_2' title="bbox 193 884 2067 964; baseline -0.001 -13"><span class='ocrx_word' id='word_1_2' title='bbox 193 890 267 952; x_wconf 90' lang='lat' dir='ltr'>sunt</span> <span class='ocrx_word' id='word_1_3' title='bbox 289 890 319 950; x_wconf 88' lang='lat' dir='ltr'>et</span> <span class='ocrx_word' id='word_1_4' title='bbox 340 887 489 962; x_wconf 80' lang='lat' dir='ltr'>molliora,</span> <span class='ocrx_word' id='word_1_5' title='bbox 512 886 632 949; x_wconf 86' lang='lat' dir='ltr'>utentia</span> <span class='ocrx_word' id='word_1_6' title='bbox 653 885 876 948; x_wconf 86' lang='lat' dir='ltr'>humidioribus</span> <span class='ocrx_word' id='word_1_7' title='bbox 899 884 1049 948; x_wconf 89' lang='lat' dir='ltr'>carnibus.</span> <span class='ocrx_word' id='word_1_8' title='bbox 1082 885 1254 948; x_wconf 89' lang='lat' dir='ltr'>masculina</span> <span class='ocrx_word' id='word_1_9' title='bbox 1267 903 1338 948; x_wconf 89' lang='lat' dir='ltr'>rero</span> <span class='ocrx_word' id='word_1_10' title='bbox 1353 884 1411 947; x_wconf 88' lang='lat' dir='ltr'>hiis</span> <span class='ocrx_word' id='word_1_11' title='bbox 1427 885 1568 948; x_wconf 88' lang='lat' dir='ltr'>omnibus</span> <span class='ocrx_word' id='word_1_12' title='bbox 1584 886 1769 949; x_wconf 87' lang='lat' dir='ltr'>contrariam</span> <span class='ocrx_word' id='word_1_13' title='bbox 1783 887 1899 950; x_wconf 90' lang='lat' dir='ltr'>habent</span> <span class='ocrx_word' id='word_1_14' title='bbox 1912 889 2067 964; x_wconf 89' lang='lat' dir='ltr'>naturam,</span> 
     </span>
     <span class='ocr_line' id='line_1_3' title="bbox 192 994 2068 1076; baseline -0.001 -14"><span class='ocrx_word' id='word_1_15' title='bbox 192 1018 300 1062; x_wconf 87' lang='lat' dir='ltr'>verum</span> <span class='ocrx_word' id='word_1_16' title='bbox 324 997 429 1061; x_wconf 86' lang='lat' dir='ltr'>fortior</span> <span class='ocrx_word' id='word_1_17' title='bbox 450 999 481 1060; x_wconf 92' lang='lat' dir='ltr'>et</span> <span class='ocrx_word' id='word_1_18' title='bbox 501 996 609 1059; x_wconf 88' lang='lat' dir='ltr'>iustior</span> <span class='ocrx_word' id='word_1_19' title='bbox 632 998 679 1059; x_wconf 91' lang='lat' dir='ltr'>est</span> <span class='ocrx_word' id='word_1_20' title='bbox 701 1014 821 1076; x_wconf 82' lang='lat' dir='ltr'>genere,</span> <span class='ocrx_word' id='word_1_21' title='bbox 853 1013 931 1076; x_wconf 89' lang='lat' dir='ltr'>quae</span> <span class='ocrx_word' id='word_1_22' title='bbox 953 1013 1024 1058; x_wconf 87' lang='lat' dir='ltr'>vero</span> <span class='ocrx_word' id='word_1_23' title='bbox 1052 997 1099 1057; x_wconf 91' lang='lat' dir='ltr'>est</span> <span class='ocrx_word' id='word_1_24' title='bbox 1120 994 1260 1071; x_wconf 86' lang='lat' dir='ltr'>feminae,</span> <span class='ocrx_word' id='word_1_25' title='bbox 1289 994 1423 1058; x_wconf 91' lang='lat' dir='ltr'>timidior</span> <span class='ocrx_word' id='word_1_26' title='bbox 1445 998 1476 1058; x_wconf 93' lang='lat' dir='ltr'>et</span> <span class='ocrx_word' id='word_1_27' title='bbox 1496 996 1644 1059; x_wconf 89' lang='lat' dir='ltr'>iniustior.</span> <span class='ocrx_word' id='word_1_28' title='bbox 1676 996 1737 1060; x_wconf 90' lang='lat' dir='ltr'>hiis</span> <span class='ocrx_word' id='word_1_29' title='bbox 1763 997 1808 1059; x_wconf 91' lang='lat' dir='ltr'>ita</span> <span class='ocrx_word' id='word_1_30' title='bbox 1829 1015 1861 1060; x_wconf 89' lang='lat' dir='ltr'>so</span> <span class='ocrx_word' id='word_1_31' title='bbox 1883 997 2068 1061; x_wconf 76' lang='lat' dir='ltr'>habentibus</span> 
     </span>
     <span class='ocr_line' id='line_1_4' title="bbox 190 1089 2069 1188; baseline -0.001 -17"><span class='ocrx_word' id='word_1_32' title='bbox 190 1109 312 1172; x_wconf 83' lang='lat' dir='ltr'>ridetur</span> <span class='ocrx_word' id='word_1_33' title='bbox 334 1109 380 1171; x_wconf 91' lang='lat' dir='ltr'>leo</span> <span class='ocrx_word' id='word_1_34' title='bbox 403 1089 541 1170; x_wconf 89' lang='lat' dir='ltr'>omnium</span> <span class='ocrx_word' id='word_1_35' title='bbox 563 1106 821 1188; x_wconf 84' lang='lat' dir='ltr'>perfectissimum</span> <span class='ocrx_word' id='word_1_36' title='bbox 842 1105 874 1168; x_wconf 93' lang='lat' dir='ltr'>in</span> <span class='ocrx_word' id='word_1_37' title='bbox 897 1105 1082 1169; x_wconf 88' lang='lat' dir='ltr'>assumendo</span> <span class='ocrx_word' id='word_1_38' title='bbox 1104 1105 1199 1168; x_wconf 87' lang='lat' dir='ltr'>maris</span> <span class='ocrx_word' id='word_1_39' title='bbox 1220 1104 1361 1168; x_wconf 88' lang='lat' dir='ltr'>formum.</span> <span class='ocrx_word' id='word_1_40' title='bbox 1391 1105 1438 1168; x_wconf 89' lang='lat' dir='ltr'>leo</span> <span class='ocrx_word' id='word_1_41' title='bbox 1460 1105 1543 1168; x_wconf 89' lang='lat' dir='ltr'>onim</span> <span class='ocrx_word' id='word_1_42' title='bbox 1566 1109 1613 1169; x_wconf 89' lang='grc' dir='ltr'>θεῖ</span> <span class='ocrx_word' id='word_1_43' title='bbox 1634 1106 1751 1169; x_wconf 88' lang='lat' dir='ltr'>habens</span> <span class='ocrx_word' id='word_1_44' title='bbox 1769 1124 1802 1169; x_wconf 91' lang='lat' dir='ltr'>os</span> <span class='ocrx_word' id='word_1_45' title='bbox 1818 1106 1895 1170; x_wconf 91' lang='lat' dir='ltr'>bene</span> <span class='ocrx_word' id='word_1_46' title='bbox 1910 1125 2069 1186; x_wconf 84' lang='lat' dir='ltr'>magnum,</span> 
     </span>
     <span class='ocr_line' id='line_1_5' title="bbox 192 1214 2070 1298; baseline -0.001 -17"><span class='ocrx_word' id='word_1_47' title='bbox 192 1219 302 1283; x_wconf 86' lang='lat' dir='ltr'>faciem</span> <span class='ocrx_word' id='word_1_48' title='bbox 325 1221 429 1282; x_wconf 89' lang='lat' dir='ltr'>autem</span> <span class='ocrx_word' id='word_1_49' title='bbox 452 1217 645 1298; x_wconf 88' lang='lat' dir='ltr'>quadratam,</span> <span class='ocrx_word' id='word_1_50' title='bbox 667 1236 730 1280; x_wconf 95' lang='lat' dir='ltr'>non</span> <span class='ocrx_word' id='word_1_51' title='bbox 751 1217 840 1280; x_wconf 85' lang='lat' dir='ltr'>valde</span> <span class='ocrx_word' id='word_1_52' title='bbox 863 1235 991 1293; x_wconf 81' lang='lat' dir='ltr'>osseam</span> <span class='ocrx_word' id='word_1_53' title='bbox 1019 1216 1206 1298; x_wconf 85' lang='lat' dir='ltr'>superiorem</span> <span class='ocrx_word' id='word_1_54' title='bbox 1235 1214 1448 1278; x_wconf 84' lang='lat' dir='ltr'>mandibulam</span> <span class='ocrx_word' id='word_1_55' title='bbox 1478 1235 1539 1279; x_wconf 97' lang='lat' dir='ltr'>non</span> <span class='ocrx_word' id='word_1_56' title='bbox 1561 1217 1800 1297; x_wconf 74' lang='lat' dir='ltr'>praeestantem,</span> <span class='ocrx_word' id='word_1_57' title='bbox 1823 1216 1877 1279; x_wconf 88' lang='lat' dir='ltr'>sed</span> <span class='ocrx_word' id='word_1_58' title='bbox 1899 1218 2070 1298; x_wconf 86' lang='lat' dir='ltr'>aequaliter</span> 
     </span>
     <span class='ocr_line' id='line_1_6' title="bbox 191 1326 2068 1412; baseline -0.001 -19"><span class='ocrx_word' id='word_1_59' title='bbox 191 1330 378 1412; x_wconf 87' lang='lat' dir='ltr'>pendentem</span> <span class='ocrx_word' id='word_1_60' title='bbox 399 1328 551 1405; x_wconf 88' lang='lat' dir='ltr'>deorsum,</span> <span class='ocrx_word' id='word_1_61' title='bbox 577 1346 690 1390; x_wconf 90' lang='lat' dir='ltr'>nasum</span> <span class='ocrx_word' id='word_1_62' title='bbox 712 1329 817 1390; x_wconf 90' lang='lat' dir='ltr'>autem</span> <span class='ocrx_word' id='word_1_63' title='bbox 839 1327 939 1408; x_wconf 83' lang='lat' dir='ltr'>magis</span> <span class='ocrx_word' id='word_1_64' title='bbox 962 1345 1103 1406; x_wconf 89' lang='lat' dir='ltr'>grossum</span> <span class='ocrx_word' id='word_1_65' title='bbox 1127 1345 1221 1406; x_wconf 90' lang='lat' dir='ltr'>quam</span> <span class='ocrx_word' id='word_1_66' title='bbox 1243 1326 1396 1403; x_wconf 90' lang='lat' dir='ltr'>subtilem,</span> <span class='ocrx_word' id='word_1_67' title='bbox 1418 1327 1521 1389; x_wconf 89' lang='lat' dir='ltr'>oculos</span> <span class='ocrx_word' id='word_1_68' title='bbox 1543 1327 1690 1409; x_wconf 89' lang='lat' dir='ltr'>oharopos</span> <span class='ocrx_word' id='word_1_69' title='bbox 1712 1345 1869 1404; x_wconf 74' lang='lat' dir='ltr'>concavos</span> <span class='ocrx_word' id='word_1_70' title='bbox 1896 1347 1957 1391; x_wconf 97' lang='lat' dir='ltr'>non</span> <span class='ocrx_word' id='word_1_71' title='bbox 1979 1328 2068 1391; x_wconf 83' lang='lat' dir='ltr'>valde</span> 
     </span>
     <span class='ocr_line' id='line_1_7' title="bbox 192 1436 2069 1520; baseline -0.001 -17"><span class='ocrx_word' id='word_1_72' title='bbox 192 1440 339 1504; x_wconf 89' lang='lat' dir='ltr'>rotundos</span> <span class='ocrx_word' id='word_1_73' title='bbox 365 1458 466 1520; x_wconf 90' lang='lat' dir='ltr'>neque</span> <span class='ocrx_word' id='word_1_74' title='bbox 495 1438 584 1502; x_wconf 86' lang='lat' dir='ltr'>ralde</span> <span class='ocrx_word' id='word_1_75' title='bbox 613 1440 781 1519; x_wconf 92' lang='lat' dir='ltr'>protensos,</span> <span class='ocrx_word' id='word_1_76' title='bbox 816 1437 1064 1518; x_wconf 75' lang='lat' dir='ltr'>magnitudinem</span> <span class='ocrx_word' id='word_1_77' title='bbox 1090 1455 1161 1499; x_wconf 85' lang='lat' dir='ltr'>vero</span> <span class='ocrx_word' id='word_1_78' title='bbox 1190 1436 1389 1512; x_wconf 88' lang='lat' dir='ltr'>moderatam,</span> <span class='ocrx_word' id='word_1_79' title='bbox 1412 1437 1609 1519; x_wconf 78' lang='lat' dir='ltr'>supercilium</span> <span class='ocrx_word' id='word_1_80' title='bbox 1636 1438 1713 1501; x_wconf 89' lang='lat' dir='ltr'>bene</span> <span class='ocrx_word' id='word_1_81' title='bbox 1743 1456 1902 1519; x_wconf 90' lang='lat' dir='ltr'>magnum,</span> <span class='ocrx_word' id='word_1_82' title='bbox 1935 1437 2069 1502; x_wconf 88' lang='lat' dir='ltr'>frontem</span> 
     </span>
     <span class='ocr_line' id='line_1_8' title="bbox 194 1546 2071 1632; baseline -0.001 -19"><span class='ocrx_word' id='word_1_83' title='bbox 194 1551 385 1632; x_wconf 86' lang='lat' dir='ltr'>quadratam,</span> <span class='ocrx_word' id='word_1_84' title='bbox 408 1568 444 1613; x_wconf 83' lang='lat' dir='ltr'>er</span> <span class='ocrx_word' id='word_1_85' title='bbox 465 1549 566 1612; x_wconf 91' lang='lat' dir='ltr'>medio</span> <span class='ocrx_word' id='word_1_86' title='bbox 589 1549 764 1624; x_wconf 86' lang='lat' dir='ltr'>subcavam,</span> <span class='ocrx_word' id='word_1_87' title='bbox 777 1547 826 1610; x_wconf 82' lang='lat' dir='ltr'>‘ad</span> <span class='ocrx_word' id='word_1_88' title='bbox 842 1547 1004 1629; x_wconf 90' lang='lat' dir='ltr'>supercilia</span> <span class='ocrx_word' id='word_1_89' title='bbox 1026 1549 1131 1610; x_wconf 88' lang='lat' dir='ltr'>autem</span> <span class='ocrx_word' id='word_1_90' title='bbox 1153 1548 1185 1609; x_wconf 94' lang='lat' dir='ltr'>et</span> <span class='ocrx_word' id='word_1_91' title='bbox 1202 1565 1315 1609; x_wconf 90' lang='lat' dir='ltr'>nasum</span> <span class='ocrx_word' id='word_1_92' title='bbox 1337 1547 1395 1610; x_wconf 91' lang='lat' dir='ltr'>snb</span> <span class='ocrx_word' id='word_1_93' title='bbox 1409 1546 1509 1610; x_wconf 88' lang='lat' dir='ltr'>fronte</span> <span class='ocrx_word' id='word_1_94' title='bbox 1525 1547 1604 1610; x_wconf 91' lang='lat' dir='ltr'>sicut</span> <span class='ocrx_word' id='word_1_95' title='bbox 1619 1548 1716 1610; x_wconf 90' lang='lat' dir='ltr'>nubes</span> <span class='ocrx_word' id='word_1_96' title='bbox 1732 1549 1895 1630; x_wconf 85' lang='lat' dir='ltr'>superstat</span> <span class='ocrx_word' id='word_1_97' title='bbox 1929 1549 2071 1630; x_wconf 88' lang='lat' dir='ltr'>superius</span> 
     </span>
     <span class='ocr_line' id='line_1_9' title="bbox 195 1656 2070 1740; baseline -0.001 -16"><span class='ocrx_word' id='word_1_98' title='bbox 195 1664 299 1724; x_wconf 90' lang='lat' dir='ltr'>autem</span> <span class='ocrx_word' id='word_1_99' title='bbox 321 1659 420 1724; x_wconf 85' lang='lat' dir='ltr'>fronte</span> <span class='ocrx_word' id='word_1_100' title='bbox 442 1659 529 1722; x_wconf 82' lang='lat' dir='ltr'>iuxta</span> <span class='ocrx_word' id='word_1_101' title='bbox 550 1677 663 1722; x_wconf 92' lang='lat' dir='ltr'>nasum</span> <span class='ocrx_word' id='word_1_102' title='bbox 685 1659 779 1722; x_wconf 88' lang='lat' dir='ltr'>habet</span> <span class='ocrx_word' id='word_1_103' title='bbox 801 1658 878 1740; x_wconf 90' lang='lat' dir='ltr'>pilos</span> <span class='ocrx_word' id='word_1_104' title='bbox 900 1658 1070 1734; x_wconf 89' lang='lat' dir='ltr'>inclinatos,</span> <span class='ocrx_word' id='word_1_105' title='bbox 1094 1660 1187 1739; x_wconf 90' lang='lat' dir='ltr'>caput</span> <span class='ocrx_word' id='word_1_106' title='bbox 1207 1656 1412 1734; x_wconf 87' lang='lat' dir='ltr'>moderatum,</span> <span class='ocrx_word' id='word_1_107' title='bbox 1436 1657 1549 1721; x_wconf 85' lang='lat' dir='ltr'>collum</span> <span class='ocrx_word' id='word_1_108' title='bbox 1571 1658 1669 1721; x_wconf 89' lang='lat' dir='ltr'>bonae</span> <span class='ocrx_word' id='word_1_109' title='bbox 1691 1659 1899 1738; x_wconf 77' lang='lat' dir='ltr'>longitudinis,</span> <span class='ocrx_word' id='word_1_110' title='bbox 1927 1677 2070 1739; x_wconf 89' lang='lat' dir='ltr'>grossum</span> 
     </span>
     <span class='ocr_line' id='line_1_10' title="bbox 191 1767 2070 1851; baseline -0.001 -17"><span class='ocrx_word' id='word_1_111' title='bbox 191 1771 395 1846; x_wconf 86' lang='lat' dir='ltr'>moderatum,</span> <span class='ocrx_word' id='word_1_112' title='bbox 418 1769 512 1832; x_wconf 89' lang='lat' dir='ltr'>habet</span> <span class='ocrx_word' id='word_1_113' title='bbox 533 1770 631 1833; x_wconf 89' lang='lat' dir='ltr'>crines</span> <span class='ocrx_word' id='word_1_114' title='bbox 660 1769 756 1832; x_wconf 77' lang='lat' dir='ltr'>flavos</span> <span class='ocrx_word' id='word_1_115' title='bbox 778 1786 840 1831; x_wconf 94' lang='lat' dir='ltr'>non</span> <span class='ocrx_word' id='word_1_116' title='bbox 863 1769 970 1850; x_wconf 89' lang='lat' dir='ltr'>planos</span> <span class='ocrx_word' id='word_1_117' title='bbox 1001 1787 1058 1832; x_wconf 91' lang='lat' dir='ltr'>neo</span> <span class='ocrx_word' id='word_1_118' title='bbox 1085 1768 1172 1831; x_wconf 81' lang='lat' dir='ltr'>raldo</span> <span class='ocrx_word' id='word_1_119' title='bbox 1200 1767 1324 1849; x_wconf 87' lang='lat' dir='ltr'>crispos,</span> <span class='ocrx_word' id='word_1_120' title='bbox 1352 1786 1430 1847; x_wconf 86' lang='lat' dir='ltr'>quae</span> <span class='ocrx_word' id='word_1_121' title='bbox 1459 1769 1533 1830; x_wconf 90' lang='lat' dir='ltr'>sunt</span> <span class='ocrx_word' id='word_1_122' title='bbox 1562 1767 1642 1831; x_wconf 87' lang='lat' dir='ltr'>circa</span> <span class='ocrx_word' id='word_1_123' title='bbox 1669 1767 1846 1831; x_wconf 86' lang='lat' dir='ltr'>iuncturam</span> <span class='ocrx_word' id='word_1_124' title='bbox 1876 1770 2070 1851; x_wconf 88' lang='lat' dir='ltr'>spatulamm</span> 
     </span>
     <span class='ocr_line' id='line_1_11' title="bbox 191 1877 2068 1961; baseline -0.001 -17"><span class='ocrx_word' id='word_1_125' title='bbox 191 1881 267 1944; x_wconf 90' lang='lat' dir='ltr'>bene</span> <span class='ocrx_word' id='word_1_126' title='bbox 291 1880 426 1961; x_wconf 86' lang='lat' dir='ltr'>spatiosa</span> <span class='ocrx_word' id='word_1_127' title='bbox 454 1879 553 1960; x_wconf 82' lang='lat' dir='ltr'>magis</span> <span class='ocrx_word' id='word_1_128' title='bbox 583 1897 677 1960; x_wconf 90' lang='lat' dir='ltr'>quam</span> <span class='ocrx_word' id='word_1_129' title='bbox 705 1879 875 1954; x_wconf 83' lang='lat' dir='ltr'>coniuncta,</span> <span class='ocrx_word' id='word_1_130' title='bbox 906 1879 1043 1961; x_wconf 88' lang='lat' dir='ltr'>spatulas</span> <span class='ocrx_word' id='word_1_131' title='bbox 1071 1878 1165 1942; x_wconf 85' lang='lat' dir='ltr'>fortes</span> <span class='ocrx_word' id='word_1_132' title='bbox 1192 1880 1223 1941; x_wconf 93' lang='lat' dir='ltr'>et</span> <span class='ocrx_word' id='word_1_133' title='bbox 1244 1880 1352 1960; x_wconf 89' lang='lat' dir='ltr'>pectus</span> <span class='ocrx_word' id='word_1_134' title='bbox 1380 1877 1512 1940; x_wconf 86' lang='lat' dir='ltr'>iuvenile</span> <span class='ocrx_word' id='word_1_135' title='bbox 1538 1881 1570 1941; x_wconf 93' lang='lat' dir='ltr'>et</span> <span class='ocrx_word' id='word_1_136' title='bbox 1595 1877 1787 1942; x_wconf 83' lang='lat' dir='ltr'>metafrenon</span> <span class='ocrx_word' id='word_1_137' title='bbox 1814 1879 1914 1942; x_wconf 91' lang='lat' dir='ltr'>latum</span> <span class='ocrx_word' id='word_1_138' title='bbox 1940 1883 1971 1943; x_wconf 90' lang='lat' dir='ltr'>et</span> <span class='ocrx_word' id='word_1_139' title='bbox 1992 1881 2068 1944; x_wconf 91' lang='lat' dir='ltr'>bene</span> 
     </span>
     <span class='ocr_line' id='line_1_12' title="bbox 191 1987 2069 2072; baseline 0 -19"><span class='ocrx_word' id='word_1_140' title='bbox 191 1990 359 2055; x_wconf 90' lang='lat' dir='ltr'>dorsatum.</span> <span class='ocrx_word' id='word_1_141' title='bbox 392 1991 507 2053; x_wconf 90' lang='lat' dir='ltr'>anchae</span> <span class='ocrx_word' id='word_1_142' title='bbox 534 2009 596 2052; x_wconf 92' lang='lat' dir='ltr'>non</span> <span class='ocrx_word' id='word_1_143' title='bbox 624 2007 769 2053; x_wconf 88' lang='lat' dir='ltr'>carnosae</span> <span class='ocrx_word' id='word_1_144' title='bbox 798 1991 830 2052; x_wconf 90' lang='lat' dir='ltr'>et</span> <span class='ocrx_word' id='word_1_145' title='bbox 857 2008 955 2065; x_wconf 84' lang='lat' dir='ltr'>coxae,</span> <span class='ocrx_word' id='word_1_146' title='bbox 986 2007 1076 2053; x_wconf 88' lang='lat' dir='ltr'>crura</span> <span class='ocrx_word' id='word_1_147' title='bbox 1104 1988 1194 2051; x_wconf 86' lang='lat' dir='ltr'>fortia</span> <span class='ocrx_word' id='word_1_148' title='bbox 1221 1991 1252 2051; x_wconf 89' lang='lat' dir='ltr'>et</span> <span class='ocrx_word' id='word_1_149' title='bbox 1277 2006 1415 2064; x_wconf 84' lang='lat' dir='ltr'>nervosa,</span> <span class='ocrx_word' id='word_1_150' title='bbox 1443 1987 1550 2051; x_wconf 89' lang='lat' dir='ltr'>basem</span> <span class='ocrx_word' id='word_1_151' title='bbox 1579 1988 1744 2051; x_wconf 79' lang='lat' dir='ltr'>iuvenilem</span> <span class='ocrx_word' id='word_1_152' title='bbox 1770 1991 1802 2052; x_wconf 88' lang='lat' dir='ltr'>ot</span> <span class='ocrx_word' id='word_1_153' title='bbox 1830 1992 1932 2053; x_wconf 89' lang='lat' dir='ltr'>totum</span> <span class='ocrx_word' id='word_1_154' title='bbox 1959 2009 2069 2072; x_wconf 90' lang='lat' dir='ltr'>corpus</span> 
     </span>
     <span class='ocr_line' id='line_1_13' title="bbox 191 2098 2069 2181; baseline 0.001 -18"><span class='ocrx_word' id='word_1_155' title='bbox 191 2100 390 2164; x_wconf 88' lang='lat' dir='ltr'>articulatum</span> <span class='ocrx_word' id='word_1_156' title='bbox 412 2103 443 2163; x_wconf 91' lang='lat' dir='ltr'>et</span> <span class='ocrx_word' id='word_1_157' title='bbox 463 2119 629 2164; x_wconf 82' lang='lat' dir='ltr'>nervosum</span> <span class='ocrx_word' id='word_1_158' title='bbox 651 2118 752 2180; x_wconf 91' lang='lat' dir='ltr'>neque</span> <span class='ocrx_word' id='word_1_159' title='bbox 773 2100 862 2164; x_wconf 85' lang='lat' dir='ltr'>valde</span> <span class='ocrx_word' id='word_1_160' title='bbox 884 2101 998 2162; x_wconf 91' lang='lat' dir='ltr'>durum</span> <span class='ocrx_word' id='word_1_161' title='bbox 1019 2117 1121 2180; x_wconf 87' lang='lat' dir='ltr'>neque</span> <span class='ocrx_word' id='word_1_162' title='bbox 1142 2098 1231 2161; x_wconf 83' lang='lat' dir='ltr'>valde</span> <span class='ocrx_word' id='word_1_163' title='bbox 1259 2098 1432 2171; x_wconf 86' lang='lat' dir='ltr'>humidum,</span> <span class='ocrx_word' id='word_1_164' title='bbox 1462 2099 1625 2161; x_wconf 87' lang='lat' dir='ltr'>ambulans</span> <span class='ocrx_word' id='word_1_165' title='bbox 1653 2102 1758 2163; x_wconf 86' lang='lat' dir='ltr'>autem</span> <span class='ocrx_word' id='word_1_166' title='bbox 1784 2100 1880 2175; x_wconf 89' lang='lat' dir='ltr'>tarde,</span> <span class='ocrx_word' id='word_1_167' title='bbox 1907 2101 2069 2181; x_wconf 83' lang='lat' dir='ltr'>magnifice</span> 
     </span>
     <span class='ocr_line' id='line_1_14' title="bbox 190 2209 2071 2292; baseline 0.001 -19"><span class='ocrx_word' id='word_1_168' title='bbox 190 2211 344 2274; x_wconf 89' lang='lat' dir='ltr'>transiens</span> <span class='ocrx_word' id='word_1_169' title='bbox 374 2213 405 2274; x_wconf 90' lang='lat' dir='ltr'>et</span> <span class='ocrx_word' id='word_1_170' title='bbox 430 2230 557 2274; x_wconf 86' lang='lat' dir='ltr'>movens</span> <span class='ocrx_word' id='word_1_171' title='bbox 587 2230 619 2274; x_wconf 90' lang='lat' dir='ltr'>se</span> <span class='ocrx_word' id='word_1_172' title='bbox 649 2211 681 2272; x_wconf 93' lang='lat' dir='ltr'>in</span> <span class='ocrx_word' id='word_1_173' title='bbox 711 2211 848 2292; x_wconf 88' lang='lat' dir='ltr'>spatulis,</span> <span class='ocrx_word' id='word_1_174' title='bbox 888 2209 1010 2292; x_wconf 90' lang='lat' dir='ltr'>quando</span> <span class='ocrx_word' id='word_1_175' title='bbox 1040 2210 1186 2273; x_wconf 89' lang='lat' dir='ltr'>ambulat.</span> <span class='ocrx_word' id='word_1_176' title='bbox 1223 2210 1295 2273; x_wconf 89' lang='lat' dir='ltr'>talis</span> <span class='ocrx_word' id='word_1_177' title='bbox 1321 2209 1404 2272; x_wconf 90' lang='lat' dir='ltr'>enim</span> <span class='ocrx_word' id='word_1_178' title='bbox 1431 2211 1479 2272; x_wconf 89' lang='grc' dir='ltr'>θεῖ</span> <span class='ocrx_word' id='word_1_179' title='bbox 1511 2209 1682 2273; x_wconf 89' lang='lat' dir='ltr'>secundum</span> <span class='ocrx_word' id='word_1_180' title='bbox 1714 2228 1751 2272; x_wconf 92' lang='lat' dir='ltr'>ea</span> <span class='ocrx_word' id='word_1_181' title='bbox 1782 2228 1860 2290; x_wconf 89' lang='lat' dir='ltr'>quae</span> <span class='ocrx_word' id='word_1_182' title='bbox 1888 2213 1961 2274; x_wconf 74' lang='lat' dir='ltr'>sumt</span> <span class='ocrx_word' id='word_1_183' title='bbox 1990 2212 2071 2275; x_wconf 90' lang='lat' dir='ltr'>circa</span> 
     </span>
     <span class='ocr_line' id='line_1_15' title="bbox 190 2320 2070 2403; baseline 0 -19"><span class='ocrx_word' id='word_1_184' title='bbox 190 2338 308 2403; x_wconf 88' lang='lat' dir='ltr'>corpus,</span> <span class='ocrx_word' id='word_1_185' title='bbox 332 2339 410 2402; x_wconf 90' lang='lat' dir='ltr'>quae</span> <span class='ocrx_word' id='word_1_186' title='bbox 432 2322 537 2384; x_wconf 90' lang='lat' dir='ltr'>autem</span> <span class='ocrx_word' id='word_1_187' title='bbox 560 2321 640 2384; x_wconf 86' lang='lat' dir='ltr'>circa</span> <span class='ocrx_word' id='word_1_188' title='bbox 662 2322 807 2396; x_wconf 88' lang='lat' dir='ltr'>animam,</span> <span class='ocrx_word' id='word_1_189' title='bbox 831 2320 970 2384; x_wconf 85' lang='lat' dir='ltr'>dativum</span> <span class='ocrx_word' id='word_1_190' title='bbox 985 2324 1017 2384; x_wconf 90' lang='grc' dir='ltr'>θῖ</span> <span class='ocrx_word' id='word_1_191' title='bbox 1030 2320 1164 2398; x_wconf 88' lang='lat' dir='ltr'>liberale,</span> <span class='ocrx_word' id='word_1_192' title='bbox 1185 2320 1421 2401; x_wconf 83' lang='lat' dir='ltr'>magnanimum</span> <span class='ocrx_word' id='word_1_193' title='bbox 1436 2321 1468 2382; x_wconf 92' lang='lat' dir='ltr'>et</span> <span class='ocrx_word' id='word_1_194' title='bbox 1482 2320 1652 2382; x_wconf 84' lang='lat' dir='ltr'>curativum</span> <span class='ocrx_word' id='word_1_195' title='bbox 1667 2320 1810 2383; x_wconf 88' lang='lat' dir='ltr'>victoriae</span> <span class='ocrx_word' id='word_1_196' title='bbox 1825 2323 1856 2383; x_wconf 92' lang='lat' dir='ltr'>et</span> <span class='ocrx_word' id='word_1_197' title='bbox 1870 2324 2070 2384; x_wconf 91' lang='lat' dir='ltr'>mansuetum</span> 
     </span>
     <span class='ocr_line' id='line_1_16' title="bbox 191 2428 2067 2514; baseline 0.001 -21"><span class='ocrx_word' id='word_1_198' title='bbox 191 2433 222 2493; x_wconf 93' lang='lat' dir='ltr'>et</span> <span class='ocrx_word' id='word_1_199' title='bbox 247 2431 366 2493; x_wconf 91' lang='lat' dir='ltr'>iustum</span> <span class='ocrx_word' id='word_1_200' title='bbox 394 2431 425 2492; x_wconf 87' lang='lat' dir='ltr'>et</span> <span class='ocrx_word' id='word_1_201' title='bbox 453 2430 622 2492; x_wconf 89' lang='lat' dir='ltr'>amativum</span> <span class='ocrx_word' id='word_1_202' title='bbox 652 2448 723 2493; x_wconf 89' lang='lat' dir='ltr'>cnm</span> <span class='ocrx_word' id='word_1_203' title='bbox 755 2431 866 2511; x_wconf 91' lang='lat' dir='ltr'>quibus</span> <span class='ocrx_word' id='word_1_204' title='bbox 894 2431 1101 2494; x_wconf 79' lang='lat' dir='ltr'>associabitur.</span> <span class='ocrx_word' id='word_1_205' title='bbox 1134 2431 1269 2514; x_wconf 88' lang='lat' dir='ltr'>pardalis</span> <span class='ocrx_word' id='word_1_206' title='bbox 1297 2432 1403 2493; x_wconf 87' lang='lat' dir='ltr'>autem</span> <span class='ocrx_word' id='word_1_207' title='bbox 1429 2428 1559 2492; x_wconf 83' lang='lat' dir='ltr'>fortibus</span> <span class='ocrx_word' id='word_1_208' title='bbox 1582 2449 1648 2493; x_wconf 91' lang='grc' dir='ltr'>θεεθ</span> <span class='ocrx_word' id='word_1_209' title='bbox 1670 2430 1743 2494; x_wconf 80' lang='lat' dir='ltr'>risis</span> <span class='ocrx_word' id='word_1_210' title='bbox 1765 2430 1930 2494; x_wconf 81' lang='lat' dir='ltr'>femininae</span> <span class='ocrx_word' id='word_1_211' title='bbox 1952 2431 2067 2494; x_wconf 84' lang='lat' dir='ltr'>formae</span> 
     </span>
     <span class='ocr_line' id='line_1_17' title="bbox 190 2539 2069 2623; baseline 0 -18"><span class='ocrx_word' id='word_1_212' title='bbox 190 2545 238 2605; x_wconf 88' lang='lat' dir='ltr'>est</span> <span class='ocrx_word' id='word_1_213' title='bbox 258 2541 358 2621; x_wconf 88' lang='lat' dir='ltr'>magis</span> <span class='ocrx_word' id='word_1_214' title='bbox 381 2539 462 2620; x_wconf 93' lang='lat' dir='ltr'>quod</span> <span class='ocrx_word' id='word_1_215' title='bbox 484 2560 545 2604; x_wconf 94' lang='lat' dir='ltr'>non</span> <span class='ocrx_word' id='word_1_216' title='bbox 568 2540 738 2603; x_wconf 89' lang='lat' dir='ltr'>secundum</span> <span class='ocrx_word' id='word_1_217' title='bbox 761 2559 859 2616; x_wconf 88' lang='lat' dir='ltr'>crura,</span> <span class='ocrx_word' id='word_1_218' title='bbox 886 2541 945 2604; x_wconf 88' lang='lat' dir='ltr'>hiis</span> <span class='ocrx_word' id='word_1_219' title='bbox 968 2545 1074 2606; x_wconf 88' lang='lat' dir='ltr'>autem</span> <span class='ocrx_word' id='word_1_220' title='bbox 1102 2545 1281 2623; x_wconf 90' lang='lat' dir='ltr'>cooperatur</span> <span class='ocrx_word' id='word_1_221' title='bbox 1310 2543 1341 2604; x_wconf 94' lang='lat' dir='ltr'>et</span> <span class='ocrx_word' id='word_1_222' title='bbox 1367 2539 1489 2620; x_wconf 90' lang='lat' dir='ltr'>aliquod</span> <span class='ocrx_word' id='word_1_223' title='bbox 1516 2559 1592 2622; x_wconf 93' lang='lat' dir='ltr'>opus</span> <span class='ocrx_word' id='word_1_224' title='bbox 1622 2540 1809 2604; x_wconf 86' lang='lat' dir='ltr'>fortitudinis</span> <span class='ocrx_word' id='word_1_225' title='bbox 1840 2545 1992 2623; x_wconf 78' lang='lat' dir='ltr'>operatur,</span> <span class='ocrx_word' id='word_1_226' title='bbox 2021 2544 2069 2605; x_wconf 90' lang='lat' dir='ltr'>est</span> 
     </span>
     <span class='ocr_line' id='line_1_18' title="bbox 190 2649 2068 2734; baseline 0 -20"><span class='ocrx_word' id='word_1_227' title='bbox 190 2652 273 2714; x_wconf 89' lang='lat' dir='ltr'>enim</span> <span class='ocrx_word' id='word_1_228' title='bbox 294 2650 411 2713; x_wconf 88' lang='lat' dir='ltr'>habens</span> <span class='ocrx_word' id='word_1_229' title='bbox 434 2650 543 2714; x_wconf 88' lang='lat' dir='ltr'>faciem</span> <span class='ocrx_word' id='word_1_230' title='bbox 566 2669 700 2733; x_wconf 78' lang='lat' dir='ltr'>parram,</span> <span class='ocrx_word' id='word_1_231' title='bbox 723 2671 757 2715; x_wconf 84' lang='lat' dir='ltr'>os</span> <span class='ocrx_word' id='word_1_232' title='bbox 779 2670 938 2733; x_wconf 88' lang='lat' dir='ltr'>magnum,</span> <span class='ocrx_word' id='word_1_233' title='bbox 961 2653 1064 2717; x_wconf 89' lang='lat' dir='ltr'>oculos</span> <span class='ocrx_word' id='word_1_234' title='bbox 1079 2672 1188 2734; x_wconf 79' lang='lat' dir='ltr'>parvos</span> <span class='ocrx_word' id='word_1_235' title='bbox 1205 2652 1288 2715; x_wconf 84' lang='lat' dir='ltr'>albos</span> <span class='ocrx_word' id='word_1_236' title='bbox 1304 2668 1460 2726; x_wconf 73' lang='lat' dir='ltr'>concavos</span> <span class='ocrx_word' id='word_1_237' title='bbox 1482 2649 1564 2731; x_wconf 89' lang='lat' dir='ltr'>ipsos</span> <span class='ocrx_word' id='word_1_238' title='bbox 1580 2652 1685 2714; x_wconf 90' lang='lat' dir='ltr'>autem</span> <span class='ocrx_word' id='word_1_239' title='bbox 1700 2651 1913 2732; x_wconf 88' lang='lat' dir='ltr'>superficiales,</span> <span class='ocrx_word' id='word_1_240' title='bbox 1935 2651 2068 2714; x_wconf 87' lang='lat' dir='ltr'>frontem</span> 
     </span>
     <span class='ocr_line' id='line_1_19' title="bbox 189 2759 2066 2845; baseline -0.001 -20"><span class='ocrx_word' id='word_1_241' title='bbox 189 2762 322 2842; x_wconf 86' lang='lat' dir='ltr'>longam,</span> <span class='ocrx_word' id='word_1_242' title='bbox 344 2761 431 2823; x_wconf 83' lang='lat' dir='ltr'>iuxta</span> <span class='ocrx_word' id='word_1_243' title='bbox 452 2779 541 2824; x_wconf 88' lang='lat' dir='ltr'>aures</span> <span class='ocrx_word' id='word_1_244' title='bbox 563 2761 730 2824; x_wconf 89' lang='lat' dir='ltr'>rotundam</span> <span class='ocrx_word' id='word_1_245' title='bbox 751 2762 850 2842; x_wconf 89' lang='lat' dir='ltr'>magis</span> <span class='ocrx_word' id='word_1_246' title='bbox 874 2781 968 2843; x_wconf 89' lang='lat' dir='ltr'>quam</span> <span class='ocrx_word' id='word_1_247' title='bbox 989 2764 1123 2845; x_wconf 89' lang='lat' dir='ltr'>planam,</span> <span class='ocrx_word' id='word_1_248' title='bbox 1146 2762 1259 2826; x_wconf 90' lang='lat' dir='ltr'>collum</span> <span class='ocrx_word' id='word_1_249' title='bbox 1280 2762 1408 2842; x_wconf 89' lang='lat' dir='ltr'>longum</span> <span class='ocrx_word' id='word_1_250' title='bbox 1429 2759 1517 2823; x_wconf 87' lang='lat' dir='ltr'>valde</span> <span class='ocrx_word' id='word_1_251' title='bbox 1532 2763 1564 2824; x_wconf 90' lang='lat' dir='ltr'>et</span> <span class='ocrx_word' id='word_1_252' title='bbox 1578 2761 1697 2838; x_wconf 91' lang='lat' dir='ltr'>subtile,</span> <span class='ocrx_word' id='word_1_253' title='bbox 1718 2764 1826 2844; x_wconf 89' lang='lat' dir='ltr'>pectus</span> <span class='ocrx_word' id='word_1_254' title='bbox 1840 2780 1903 2825; x_wconf 93' lang='lat' dir='ltr'>non</span> <span class='ocrx_word' id='word_1_255' title='bbox 1919 2761 2066 2844; x_wconf 87' lang='lat' dir='ltr'>amplum,</span> 
     </span>
    </p>
   </div>
   <div class='ocr_carea' id='block_1_3' title="bbox 189 2870 2067 2955">
    <p class='ocr_par' dir='ltr' id='par_1_3' title="bbox 189 2870 2067 2955">
     <span class='ocr_line' id='line_1_20' title="bbox 189 2870 2067 2955; baseline -0.001 -19"><span class='ocrx_word' id='word_1_256' title='bbox 189 2875 221 2936; x_wconf 91' lang='lat' dir='ltr'>et</span> <span class='ocrx_word' id='word_1_257' title='bbox 241 2872 370 2952; x_wconf 85' lang='lat' dir='ltr'>longum</span> <span class='ocrx_word' id='word_1_258' title='bbox 391 2870 526 2948; x_wconf 91' lang='lat' dir='ltr'>dorsum,</span> <span class='ocrx_word' id='word_1_259' title='bbox 558 2872 672 2935; x_wconf 81' lang='lat' dir='ltr'>anchus</span> <span class='ocrx_word' id='word_1_260' title='bbox 695 2890 839 2935; x_wconf 87' lang='lat' dir='ltr'>carnosas</span> <span class='ocrx_word' id='word_1_261' title='bbox 862 2876 893 2936; x_wconf 89' lang='lat' dir='ltr'>et</span> <span class='ocrx_word' id='word_1_262' title='bbox 915 2892 1014 2951; x_wconf 83' lang='lat' dir='ltr'>coxas,</span> <span class='ocrx_word' id='word_1_263' title='bbox 1043 2891 1121 2955; x_wconf 88' lang='lat' dir='ltr'>qnae</span> <span class='ocrx_word' id='word_1_264' title='bbox 1143 2891 1214 2936; x_wconf 85' lang='lat' dir='ltr'>vero</span> <span class='ocrx_word' id='word_1_265' title='bbox 1237 2872 1310 2935; x_wconf 88' lang='lat' dir='ltr'>sunt</span> <span class='ocrx_word' id='word_1_266' title='bbox 1332 2872 1412 2935; x_wconf 92' lang='lat' dir='ltr'>circa</span> <span class='ocrx_word' id='word_1_267' title='bbox 1432 2871 1496 2954; x_wconf 83' lang='lat' dir='ltr'>ylio</span> <span class='ocrx_word' id='word_1_268' title='bbox 1517 2874 1548 2935; x_wconf 91' lang='grc' dir='ltr'>θῖ</span> <span class='ocrx_word' id='word_1_269' title='bbox 1569 2875 1716 2949; x_wconf 82' lang='lat' dir='ltr'>ventrem,</span> <span class='ocrx_word' id='word_1_270' title='bbox 1738 2873 1817 2936; x_wconf 86' lang='lat' dir='ltr'>levia</span> <span class='ocrx_word' id='word_1_271' title='bbox 1837 2873 1955 2954; x_wconf 77' lang='lat' dir='ltr'>magis3</span> <span class='ocrx_word' id='word_1_272' title='bbox 1986 2874 2067 2936; x_wconf 90' lang='lat' dir='ltr'>oolor</span> 
     </span>
    </p>
   </div>
   <div class='ocr_carea' id='block_1_4' title="bbox 2105 2443 2136 2490">
    <p class='ocr_par' dir='ltr' id='par_1_4' title="bbox 2105 2443 2136 2490">
     <span class='ocr_line' id='line_1_21' title="bbox 2105 2443 2136 2490; baseline 0 0"><span class='ocrx_word' id='word_1_273' title='bbox 2105 2443 2136 2490; x_wconf 79' lang='lat'>15</span> 
     </span>
    </p>
   </div>
   <div class='ocr_carea' id='block_1_5' title="bbox 189 2981 2117 3065">
    <p class='ocr_par' dir='ltr' id='par_1_5' title="bbox 189 2981 2117 3065">
     <span class='ocr_line' id='line_1_22' title="bbox 189 2981 2117 3065; baseline -0.002 -20"><span class='ocrx_word' id='word_1_274' title='bbox 189 2984 294 3045; x_wconf 89' lang='lat' dir='ltr'>autem</span> <span class='ocrx_word' id='word_1_275' title='bbox 316 2982 419 3045; x_wconf 89' lang='lat' dir='ltr'>varius</span> <span class='ocrx_word' id='word_1_276' title='bbox 441 2984 473 3045; x_wconf 91' lang='lat' dir='ltr'>et</span> <span class='ocrx_word' id='word_1_277' title='bbox 493 2983 595 3045; x_wconf 91' lang='lat' dir='ltr'>totum</span> <span class='ocrx_word' id='word_1_278' title='bbox 616 2983 848 3046; x_wconf 88' lang='lat' dir='ltr'>inarticulatum</span> <span class='ocrx_word' id='word_1_279' title='bbox 871 2985 918 3048; x_wconf 89' lang='lat' dir='ltr'>est</span> <span class='ocrx_word' id='word_1_280' title='bbox 940 2986 971 3048; x_wconf 93' lang='lat' dir='ltr'>et</span> <span class='ocrx_word' id='word_1_281' title='bbox 992 2984 1260 3046; x_wconf 89' lang='lat' dir='ltr'>immensuratum.</span> <span class='ocrx_word' id='word_1_282' title='bbox 1294 2981 1393 3045; x_wconf 87' lang='lat' dir='ltr'>forma</span> <span class='ocrx_word' id='word_1_283' title='bbox 1415 2985 1520 3046; x_wconf 90' lang='lat' dir='ltr'>autem</span> <span class='ocrx_word' id='word_1_284' title='bbox 1535 2983 1667 3065; x_wconf 90' lang='lat' dir='ltr'>corporis</span> <span class='ocrx_word' id='word_1_285' title='bbox 1682 2983 1752 3045; x_wconf 88' lang='lat' dir='ltr'>talis</span> <span class='ocrx_word' id='word_1_286' title='bbox 1775 2986 1831 3059; x_wconf 90' lang='lat' dir='ltr'>est,</span> <span class='ocrx_word' id='word_1_287' title='bbox 1852 2983 1884 3046; x_wconf 95' lang='lat' dir='ltr'>in</span> <span class='ocrx_word' id='word_1_288' title='bbox 1905 2983 1964 3046; x_wconf 91' lang='lat' dir='ltr'>hiis</span> <span class='ocrx_word' id='word_1_289' title='bbox 1987 3002 2066 3064; x_wconf 87' lang='lat' dir='ltr'>quae</span> <span class='ocrx_word' id='word_1_290' title='bbox 2102 3028 2117 3041; x_wconf 79' lang='grc'>.</span> 
     </span>
    </p>
   </div>
   <div class='ocr_carea' id='block_1_6' title="bbox 187 3092 2066 3507">
    <p class='ocr_par' dir='ltr' id='par_1_6' title="bbox 187 3092 2066 3507">
     <span class='ocr_line' id='line_1_23' title="bbox 188 3092 2066 3175; baseline 0.001 -20"><span class='ocrx_word' id='word_1_291' title='bbox 188 3095 262 3155; x_wconf 85' lang='grc' dir='ltr'>ε]]]]ῖ</span> <span class='ocrx_word' id='word_1_292' title='bbox 284 3092 454 3156; x_wconf 89' lang='lat' dir='ltr'>secundum</span> <span class='ocrx_word' id='word_1_293' title='bbox 482 3094 627 3169; x_wconf 89' lang='lat' dir='ltr'>animam,</span> <span class='ocrx_word' id='word_1_294' title='bbox 655 3112 786 3175; x_wconf 73' lang='lat' dir='ltr'>parrum</span> <span class='ocrx_word' id='word_1_295' title='bbox 817 3096 865 3157; x_wconf 91' lang='lat' dir='ltr'>est</span> <span class='ocrx_word' id='word_1_296' title='bbox 893 3097 925 3158; x_wconf 94' lang='lat' dir='ltr'>et</span> <span class='ocrx_word' id='word_1_297' title='bbox 954 3093 1103 3157; x_wconf 85' lang='lat' dir='ltr'>furtivum</span> <span class='ocrx_word' id='word_1_298' title='bbox 1125 3095 1157 3158; x_wconf 92' lang='lat' dir='ltr'>et</span> <span class='ocrx_word' id='word_1_299' title='bbox 1186 3093 1309 3157; x_wconf 90' lang='lat' dir='ltr'>omnino</span> <span class='ocrx_word' id='word_1_300' title='bbox 1338 3093 1437 3156; x_wconf 88' lang='lat' dir='ltr'>dicore</span> <span class='ocrx_word' id='word_1_301' title='bbox 1463 3093 1611 3157; x_wconf 87' lang='lat' dir='ltr'>dolosum.</span> <span class='ocrx_word' id='word_1_302' title='bbox 1646 3093 1827 3156; x_wconf 88' lang='lat' dir='ltr'>animalium</span> <span class='ocrx_word' id='word_1_303' title='bbox 1854 3097 1958 3158; x_wconf 88' lang='lat' dir='ltr'>autem</span> <span class='ocrx_word' id='word_1_304' title='bbox 1987 3112 2066 3175; x_wconf 88' lang='lat' dir='ltr'>quae</span> 
     </span>
     <span class='ocr_line' id='line_1_24' title="bbox 187 3202 2065 3286; baseline 0.001 -21"><span class='ocrx_word' id='word_1_305' title='bbox 187 3202 330 3266; x_wconf 83' lang='lat' dir='ltr'>ridentur</span> <span class='ocrx_word' id='word_1_306' title='bbox 351 3203 441 3267; x_wconf 86' lang='lat' dir='ltr'>fortia</span> <span class='ocrx_word' id='word_1_307' title='bbox 463 3204 674 3267; x_wconf 85' lang='lat' dir='ltr'>convenientia</span> <span class='ocrx_word' id='word_1_308' title='bbox 695 3206 727 3267; x_wconf 90' lang='lat' dir='ltr'>et</span> <span class='ocrx_word' id='word_1_309' title='bbox 748 3208 910 3286; x_wconf 86' lang='lat' dir='ltr'>assumpta</span> <span class='ocrx_word' id='word_1_310' title='bbox 931 3204 1076 3268; x_wconf 89' lang='lat' dir='ltr'>animalia</span> <span class='ocrx_word' id='word_1_311' title='bbox 1096 3204 1285 3268; x_wconf 88' lang='lat' dir='ltr'>masculinae</span> <span class='ocrx_word' id='word_1_312' title='bbox 1306 3202 1422 3267; x_wconf 84' lang='lat' dir='ltr'>formae</span> <span class='ocrx_word' id='word_1_313' title='bbox 1445 3206 1476 3267; x_wconf 95' lang='lat' dir='ltr'>et</span> <span class='ocrx_word' id='word_1_314' title='bbox 1497 3204 1661 3268; x_wconf 87' lang='lat' dir='ltr'>femininae</span> <span class='ocrx_word' id='word_1_315' title='bbox 1676 3203 1854 3267; x_wconf 88' lang='lat' dir='ltr'>dictasunt</span> <span class='ocrx_word' id='word_1_316' title='bbox 1887 3205 1947 3267; x_wconf 87' lang='lat' dir='ltr'>alia</span> <span class='ocrx_word' id='word_1_317' title='bbox 1961 3207 2065 3267; x_wconf 89' lang='lat' dir='ltr'>autem</span> 
     </span>
     <span class='ocr_line' id='line_1_25' title="bbox 187 3313 2066 3397; baseline 0.001 -21"><span class='ocrx_word' id='word_1_318' title='bbox 187 3314 291 3394; x_wconf 89' lang='lat' dir='ltr'>qualia</span> <span class='ocrx_word' id='word_1_319' title='bbox 312 3318 386 3378; x_wconf 92' lang='lat' dir='ltr'>sunt</span> <span class='ocrx_word' id='word_1_320' title='bbox 407 3315 496 3378; x_wconf 86' lang='lat' dir='ltr'>facilc</span> <span class='ocrx_word' id='word_1_321' title='bbox 518 3318 567 3378; x_wconf 89' lang='lat' dir='ltr'>est</span> <span class='ocrx_word' id='word_1_322' title='bbox 589 3315 695 3395; x_wconf 89' lang='lat' dir='ltr'>utique</span> <span class='ocrx_word' id='word_1_323' title='bbox 716 3315 911 3397; x_wconf 87' lang='lat' dir='ltr'>pertransire.</span> <span class='ocrx_word' id='word_1_324' title='bbox 947 3334 1147 3397; x_wconf 88' lang='lat' dir='ltr'>quaecunque</span> <span class='ocrx_word' id='word_1_325' title='bbox 1175 3316 1280 3377; x_wconf 91' lang='lat' dir='ltr'>autem</span> <span class='ocrx_word' id='word_1_326' title='bbox 1308 3314 1346 3376; x_wconf 91' lang='lat' dir='ltr'>ad</span> <span class='ocrx_word' id='word_1_327' title='bbox 1372 3314 1690 3396; x_wconf 86' lang='lat' dir='ltr'>phisionomizandnm</span> <span class='ocrx_word' id='word_1_328' title='bbox 1717 3313 1890 3396; x_wconf 91' lang='lat' dir='ltr'>conspicere</span> <span class='ocrx_word' id='word_1_329' title='bbox 1917 3315 2066 3397; x_wconf 87' lang='lat' dir='ltr'>contingit</span> 
     </span>
     <span class='ocr_line' id='line_1_26' title="bbox 188 3424 996 3507; baseline 0.004 -21"><span class='ocrx_word' id='word_1_330' title='bbox 188 3424 226 3487; x_wconf 88' lang='lat' dir='ltr'>ab</span> <span class='ocrx_word' id='word_1_331' title='bbox 249 3426 442 3503; x_wconf 88' lang='lat' dir='ltr'>animalibus,</span> <span class='ocrx_word' id='word_1_332' title='bbox 464 3427 497 3488; x_wconf 92' lang='lat' dir='ltr'>in</span> <span class='ocrx_word' id='word_1_333' title='bbox 520 3426 666 3489; x_wconf 86' lang='lat' dir='ltr'>electione</span> <span class='ocrx_word' id='word_1_334' title='bbox 690 3426 849 3507; x_wconf 85' lang='lat' dir='ltr'>signomm</span> <span class='ocrx_word' id='word_1_335' title='bbox 871 3426 951 3489; x_wconf 89' lang='lat' dir='ltr'>dicet</span> <span class='ocrx_word' id='word_1_336' title='bbox 990 3475 996 3488; x_wconf 95' lang='lat'>.</span> 
     </span>
    </p>
   </div>
   <div class='ocr_carea' id='block_1_7' title="bbox 339 3535 2114 3618">
    <p class='ocr_par' dir='ltr' id='par_1_7' title="bbox 339 3535 2114 3618">
     <span class='ocr_line' id='line_1_27' title="bbox 339 3535 2114 3618; baseline -0.002 -22"><span class='ocrx_word' id='word_1_337' title='bbox 339 3537 367 3597; x_wconf 88' lang='grc'>6.</span> <span class='ocrx_word' id='word_1_338' title='bbox 388 3536 504 3600; x_wconf 83' lang='lat' dir='ltr'>Electio</span> <span class='ocrx_word' id='word_1_339' title='bbox 528 3540 633 3599; x_wconf 86' lang='lat' dir='ltr'>autem</span> <span class='ocrx_word' id='word_1_340' title='bbox 655 3536 814 3617; x_wconf 86' lang='lat' dir='ltr'>signomm</span> <span class='ocrx_word' id='word_1_341' title='bbox 837 3555 916 3616; x_wconf 89' lang='lat' dir='ltr'>quae</span> <span class='ocrx_word' id='word_1_342' title='bbox 939 3539 987 3600; x_wconf 90' lang='lat' dir='ltr'>est</span> <span class='ocrx_word' id='word_1_343' title='bbox 1008 3535 1178 3599; x_wconf 90' lang='lat' dir='ltr'>secundum</span> <span class='ocrx_word' id='word_1_344' title='bbox 1199 3535 1340 3598; x_wconf 91' lang='lat' dir='ltr'>homines</span> <span class='ocrx_word' id='word_1_345' title='bbox 1362 3536 1407 3599; x_wconf 90' lang='lat' dir='ltr'>sic</span> <span class='ocrx_word' id='word_1_346' title='bbox 1422 3536 1576 3618; x_wconf 88' lang='lat' dir='ltr'>accipitur.</span> <span class='ocrx_word' id='word_1_347' title='bbox 1610 3535 1864 3616; x_wconf 90' lang='lat' dir='ltr'>quibuscunquae</span> <span class='ocrx_word' id='word_1_348' title='bbox 1878 3535 1970 3617; x_wconf 89' lang='lat' dir='ltr'>pedes</span> <span class='ocrx_word' id='word_1_349' title='bbox 1987 3536 2064 3599; x_wconf 91' lang='lat' dir='ltr'>bene</span> <span class='ocrx_word' id='word_1_350' title='bbox 2100 3580 2114 3593; x_wconf 87' lang='lat'>.</span> 
     </span>
    </p>
   </div>
   <div class='ocr_carea' id='block_1_8' title="bbox 186 3643 2064 4059">
    <p class='ocr_par' dir='ltr' id='par_1_8' title="bbox 186 3643 2064 4059">
     <span class='ocr_line' id='line_1_28' title="bbox 186 3643 2064 3727; baseline 0.002 -23"><span class='ocrx_word' id='word_1_351' title='bbox 186 3643 252 3706; x_wconf 90' lang='lat' dir='ltr'>nati</span> <span class='ocrx_word' id='word_1_352' title='bbox 275 3648 349 3707; x_wconf 89' lang='lat' dir='ltr'>sunt</span> <span class='ocrx_word' id='word_1_353' title='bbox 370 3649 402 3709; x_wconf 89' lang='lat' dir='ltr'>et</span> <span class='ocrx_word' id='word_1_354' title='bbox 422 3647 528 3727; x_wconf 85' lang='lat' dir='ltr'>magni</span> <span class='ocrx_word' id='word_1_355' title='bbox 551 3647 704 3710; x_wconf 86' lang='lat' dir='ltr'>articulati</span> <span class='ocrx_word' id='word_1_356' title='bbox 726 3650 757 3710; x_wconf 94' lang='grc' dir='ltr'>θῖ</span> <span class='ocrx_word' id='word_1_357' title='bbox 777 3648 907 3723; x_wconf 89' lang='lat' dir='ltr'>nervosi,</span> <span class='ocrx_word' id='word_1_358' title='bbox 929 3647 1023 3710; x_wconf 86' lang='lat' dir='ltr'>fortes</span> <span class='ocrx_word' id='word_1_359' title='bbox 1046 3648 1120 3708; x_wconf 91' lang='lat' dir='ltr'>sunt</span> <span class='ocrx_word' id='word_1_360' title='bbox 1149 3645 1318 3709; x_wconf 90' lang='lat' dir='ltr'>secundum</span> <span class='ocrx_word' id='word_1_361' title='bbox 1346 3664 1482 3727; x_wconf 90' lang='lat' dir='ltr'>eaquae</span> <span class='ocrx_word' id='word_1_362' title='bbox 1509 3647 1584 3709; x_wconf 91' lang='lat' dir='ltr'>sunt</span> <span class='ocrx_word' id='word_1_363' title='bbox 1612 3647 1643 3708; x_wconf 93' lang='lat' dir='ltr'>in</span> <span class='ocrx_word' id='word_1_364' title='bbox 1671 3646 1782 3722; x_wconf 83' lang='lat' dir='ltr'>anima,</span> <span class='ocrx_word' id='word_1_365' title='bbox 1813 3645 2003 3709; x_wconf 88' lang='lat' dir='ltr'>reducuntur</span> <span class='ocrx_word' id='word_1_366' title='bbox 2025 3646 2064 3709; x_wconf 89' lang='lat' dir='ltr'>ad</span> 
     </span>
     <span class='ocr_line' id='line_1_29' title="bbox 186 3754 2064 3839; baseline 0.002 -23"><span class='ocrx_word' id='word_1_367' title='bbox 186 3754 393 3817; x_wconf 91' lang='lat' dir='ltr'>masculinum</span> <span class='ocrx_word' id='word_1_368' title='bbox 417 3775 522 3836; x_wconf 85' lang='lat' dir='ltr'>genus.</span> <span class='ocrx_word' id='word_1_369' title='bbox 557 3758 731 3838; x_wconf 88' lang='lat' dir='ltr'>quicunque</span> <span class='ocrx_word' id='word_1_370' title='bbox 759 3760 864 3820; x_wconf 89' lang='lat' dir='ltr'>autem</span> <span class='ocrx_word' id='word_1_371' title='bbox 889 3756 983 3839; x_wconf 91' lang='lat' dir='ltr'>pedes</span> <span class='ocrx_word' id='word_1_372' title='bbox 1011 3775 1121 3839; x_wconf 83' lang='lat' dir='ltr'>parvos</span> <span class='ocrx_word' id='word_1_373' title='bbox 1152 3755 1272 3819; x_wconf 85' lang='lat' dir='ltr'>strictos</span> <span class='ocrx_word' id='word_1_374' title='bbox 1299 3756 1509 3820; x_wconf 89' lang='lat' dir='ltr'>inarticulatos</span> <span class='ocrx_word' id='word_1_375' title='bbox 1536 3757 1659 3832; x_wconf 78' lang='lat' dir='ltr'>habent,</span> <span class='ocrx_word' id='word_1_376' title='bbox 1689 3756 1928 3819; x_wconf 84' lang='lat' dir='ltr'>delectabiliores</span> <span class='ocrx_word' id='word_1_377' title='bbox 1959 3759 2064 3820; x_wconf 84' lang='lat' dir='ltr'>autem</span> 
     </span>
     <span class='ocr_line' id='line_1_30' title="bbox 186 3864 2063 3947; baseline 0.001 -21"><span class='ocrx_word' id='word_1_378' title='bbox 186 3864 288 3928; x_wconf 86' lang='lat' dir='ltr'>ridere</span> <span class='ocrx_word' id='word_1_379' title='bbox 312 3883 406 3946; x_wconf 89' lang='lat' dir='ltr'>quam</span> <span class='ocrx_word' id='word_1_380' title='bbox 428 3865 576 3945; x_wconf 85' lang='lat' dir='ltr'>fortiores,</span> <span class='ocrx_word' id='word_1_381' title='bbox 604 3869 712 3932; x_wconf 90' lang='lat' dir='ltr'>molles</span> <span class='ocrx_word' id='word_1_382' title='bbox 735 3871 809 3932; x_wconf 90' lang='lat' dir='ltr'>sunt</span> <span class='ocrx_word' id='word_1_383' title='bbox 835 3867 1005 3931; x_wconf 90' lang='lat' dir='ltr'>secundum</span> <span class='ocrx_word' id='word_1_384' title='bbox 1033 3884 1169 3947; x_wconf 90' lang='lat' dir='ltr'>eaquae</span> <span class='ocrx_word' id='word_1_385' title='bbox 1193 3868 1266 3928; x_wconf 90' lang='lat' dir='ltr'>sunt</span> <span class='ocrx_word' id='word_1_386' title='bbox 1290 3866 1323 3928; x_wconf 93' lang='lat' dir='ltr'>in</span> <span class='ocrx_word' id='word_1_387' title='bbox 1354 3866 1464 3942; x_wconf 79' lang='lat' dir='ltr'>anima,</span> <span class='ocrx_word' id='word_1_388' title='bbox 1495 3867 1671 3931; x_wconf 86' lang='lat' dir='ltr'>referuntur</span> <span class='ocrx_word' id='word_1_389' title='bbox 1692 3865 1730 3928; x_wconf 91' lang='lat' dir='ltr'>ad</span> <span class='ocrx_word' id='word_1_390' title='bbox 1753 3865 1936 3929; x_wconf 86' lang='lat' dir='ltr'>femininum</span> <span class='ocrx_word' id='word_1_391' title='bbox 1958 3886 2063 3947; x_wconf 84' lang='lat' dir='ltr'>genus.</span> 
     </span>
     <span class='ocr_line' id='line_1_31' title="bbox 187 3974 2063 4059; baseline -0.001 -20"><span class='ocrx_word' id='word_1_392' title='bbox 187 3977 299 4057; x_wconf 86' lang='lat' dir='ltr'>quibus</span> <span class='ocrx_word' id='word_1_393' title='bbox 321 3977 435 4059; x_wconf 89' lang='lat' dir='ltr'>pedum</span> <span class='ocrx_word' id='word_1_394' title='bbox 457 3977 543 4058; x_wconf 87' lang='lat' dir='ltr'>digiti</span> <span class='ocrx_word' id='word_1_395' title='bbox 566 3979 658 4052; x_wconf 81' lang='lat' dir='ltr'>curri,</span> <span class='ocrx_word' id='word_1_396' title='bbox 684 3978 888 4052; x_wconf 87' lang='lat' dir='ltr'>inverecundi,</span> <span class='ocrx_word' id='word_1_397' title='bbox 911 3981 942 4041; x_wconf 92' lang='lat' dir='ltr'>et</span> <span class='ocrx_word' id='word_1_398' title='bbox 965 3977 1075 4058; x_wconf 90' lang='lat' dir='ltr'>quibus</span> <span class='ocrx_word' id='word_1_399' title='bbox 1097 3995 1217 4056; x_wconf 88' lang='lat' dir='ltr'>ungnes</span> <span class='ocrx_word' id='word_1_400' title='bbox 1239 3975 1331 4051; x_wconf 75' lang='lat' dir='ltr'>curti,</span> <span class='ocrx_word' id='word_1_401' title='bbox 1354 3974 1529 4039; x_wconf 86' lang='lat' dir='ltr'>refemntur</span> <span class='ocrx_word' id='word_1_402' title='bbox 1557 3978 1595 4040; x_wconf 91' lang='lat' dir='ltr'>ad</span> <span class='ocrx_word' id='word_1_403' title='bbox 1618 3996 1688 4041; x_wconf 88' lang='lat' dir='ltr'>ares</span> <span class='ocrx_word' id='word_1_404' title='bbox 1711 3995 1875 4040; x_wconf 81' lang='lat' dir='ltr'>curvorum</span> <span class='ocrx_word' id='word_1_405' title='bbox 1903 3977 2063 4057; x_wconf 87' lang='lat' dir='ltr'>unguium.</span> 
     </span>
    </p>
   </div>
   <div class='ocr_carea' id='block_1_9' title="bbox 144 4176 2065 5345">
    <p class='ocr_par' dir='ltr' id='par_1_9' title="bbox 144 4176 2065 5345">
     <span class='ocr_line' id='line_1_32' title="bbox 341 4176 2063 4248; baseline -0.003 -16"><span class='ocrx_word' id='word_1_406' title='bbox 341 4185 362 4233; x_wconf 90' lang='lat' dir='ltr'>l.</span> <span class='ocrx_word' id='word_1_407' title='bbox 382 4179 508 4232; x_wconf 80' lang='lat' dir='ltr'>mollioB</span> <span class='ocrx_word' id='word_1_408' title='bbox 566 4198 598 4234; x_wconf 90' lang='lat' dir='ltr'>m.</span> <span class='ocrx_word' id='word_1_409' title='bbox 612 4180 764 4248; x_wconf 84' lang='lat' dir='ltr'>r.]ll1nsculi</span> <span class='ocrx_word' id='word_1_410' title='bbox 777 4183 862 4233; x_wconf 86' lang='lat' dir='ltr'>autem</span> <span class='ocrx_word' id='word_1_411' title='bbox 876 4182 901 4227; x_wconf 89' lang='lat' dir='ltr'><em>F</em></span> <span class='ocrx_word' id='word_1_412' title='bbox 966 4178 1017 4231; x_wconf 88' lang='lat' dir='ltr'>hiis</span> <span class='ocrx_word' id='word_1_413' title='bbox 1029 4178 1119 4230; x_wconf 86' lang='lat' dir='ltr'>hiisF</span> <span class='ocrx_word' id='word_1_414' title='bbox 1175 4195 1194 4232; x_wconf 87' lang='lat' dir='ltr'>e.</span> <span class='ocrx_word' id='word_1_415' title='bbox 1207 4177 1356 4245; x_wconf 87' lang='lat' dir='ltr'>h.]habent</span> <span class='ocrx_word' id='word_1_416' title='bbox 1373 4176 1566 4230; x_wconf 86' lang='lat' dir='ltr'>contrariamF</span> <span class='ocrx_word' id='word_1_417' title='bbox 1609 4182 1633 4229; x_wconf 89' lang='grc'>2.</span> <span class='ocrx_word' id='word_1_418' title='bbox 1651 4178 1748 4244; x_wconf 84' lang='lat' dir='ltr'>rerum]</span> <span class='ocrx_word' id='word_1_419' title='bbox 1768 4177 1835 4230; x_wconf 86' lang='lat' dir='ltr'>undo</span> <span class='ocrx_word' id='word_1_420' title='bbox 1853 4181 1880 4226; x_wconf 91' lang='lat' dir='ltr'>F</span> <span class='ocrx_word' id='word_1_421' title='bbox 1917 4181 1958 4230; x_wconf 89' lang='grc' dir='ltr'>θεῖ</span> <span class='ocrx_word' id='word_1_422' title='bbox 1974 4196 2019 4231; x_wconf 81' lang='lat' dir='ltr'>om.</span> <span class='ocrx_word' id='word_1_423' title='bbox 2039 4180 2063 4226; x_wconf 99' lang='lat' dir='ltr'><em>R</em></span> 
     </span>
     <span class='ocr_line' id='line_1_33' title="bbox 219 4260 2063 4331; baseline -0.001 -16"><span class='ocrx_word' id='word_1_424' title='bbox 219 4263 369 4316; x_wconf 85' lang='lat' dir='ltr'>timentibus</span> <span class='ocrx_word' id='word_1_425' title='bbox 388 4267 414 4312; x_wconf 94' lang='lat' dir='ltr'>F</span> <span class='ocrx_word' id='word_1_426' title='bbox 471 4269 494 4318; x_wconf 83' lang='grc'>3.</span> <span class='ocrx_word' id='word_1_427' title='bbox 512 4264 550 4331; x_wconf 90' lang='lat' dir='ltr'>in]</span> <span class='ocrx_word' id='word_1_428' title='bbox 569 4267 638 4317; x_wconf 88' lang='lat' dir='ltr'>etin</span> <span class='ocrx_word' id='word_1_429' title='bbox 656 4267 703 4313; x_wconf 88' lang='lat' dir='ltr'>FR</span> <span class='ocrx_word' id='word_1_430' title='bbox 763 4264 830 4317; x_wconf 88' lang='lat' dir='ltr'>enim</span> <span class='ocrx_word' id='word_1_431' title='bbox 848 4281 892 4314; x_wconf 85' lang='grc' dir='ltr'><em>ονι.</em></span> <span class='ocrx_word' id='word_1_432' title='bbox 907 4266 933 4312; x_wconf 87' lang='lat' dir='ltr'><em>F</em></span> <span class='ocrx_word' id='word_1_433' title='bbox 990 4266 1086 4315; x_wconf 69' lang='lat' dir='ltr'>estora</span> <span class='ocrx_word' id='word_1_434' title='bbox 1098 4264 1148 4311; x_wconf 82' lang='lat' dir='ltr'>RF</span> <span class='ocrx_word' id='word_1_435' title='bbox 1202 4269 1226 4315; x_wconf 84' lang='lat'>4.</span> <span class='ocrx_word' id='word_1_436' title='bbox 1244 4263 1399 4331; x_wconf 84' lang='lat' dir='ltr'>superiorem</span> <span class='ocrx_word' id='word_1_437' title='bbox 1415 4279 1461 4310; x_wconf 80' lang='lat' dir='ltr'>ont.</span> <span class='ocrx_word' id='word_1_438' title='bbox 1479 4263 1505 4309; x_wconf 88' lang='lat' dir='ltr'><em>R</em></span> <span class='ocrx_word' id='word_1_439' title='bbox 1557 4260 1730 4314; x_wconf 88' lang='lat' dir='ltr'>mandibolam</span> <span class='ocrx_word' id='word_1_440' title='bbox 1748 4264 1774 4309; x_wconf 87' lang='lat' dir='ltr'><em>F</em></span> <span class='ocrx_word' id='word_1_441' title='bbox 1821 4279 1872 4315; x_wconf 93' lang='lat' dir='ltr'>non</span> <span class='ocrx_word' id='word_1_442' title='bbox 1889 4280 1934 4316; x_wconf 87' lang='lat' dir='ltr'>om.</span> <span class='ocrx_word' id='word_1_443' title='bbox 1953 4265 1977 4311; x_wconf 95' lang='lat' dir='ltr'><em>R</em></span> <span class='ocrx_word' id='word_1_444' title='bbox 2023 4277 2063 4314; x_wconf 87' lang='lat' dir='ltr'>ex·</span> 
     </span>
     <span class='ocr_line' id='line_1_34' title="bbox 185 4345 2061 4418; baseline 0.002 -22"><span class='ocrx_word' id='word_1_445' title='bbox 185 4351 389 4414; x_wconf 84' lang='lat' dir='ltr'>praeexstantom</span> <span class='ocrx_word' id='word_1_446' title='bbox 407 4351 434 4397; x_wconf 92' lang='lat' dir='ltr'><em>F</em></span> <span class='ocrx_word' id='word_1_447' title='bbox 506 4354 529 4402; x_wconf 83' lang='lat'>5.</span> <span class='ocrx_word' id='word_1_448' title='bbox 548 4349 671 4418; x_wconf 85' lang='lat' dir='ltr'>charopos</span> <span class='ocrx_word' id='word_1_449' title='bbox 688 4368 733 4398; x_wconf 81' lang='lat' dir='ltr'>om.</span> <span class='ocrx_word' id='word_1_450' title='bbox 752 4351 777 4397; x_wconf 91' lang='grc' dir='ltr'><em>Β</em></span> <span class='ocrx_word' id='word_1_451' title='bbox 792 4364 896 4417; x_wconf 86' lang='lat' dir='ltr'>oaropos</span> <span class='ocrx_word' id='word_1_452' title='bbox 913 4352 937 4397; x_wconf 82' lang='grc' dir='ltr'><em>Α</em></span> <span class='ocrx_word' id='word_1_453' title='bbox 955 4365 1058 4417; x_wconf 87' lang='lat' dir='ltr'>caropos</span> <span class='ocrx_word' id='word_1_454' title='bbox 1076 4350 1103 4396; x_wconf 89' lang='lat' dir='ltr'><em>F</em></span> <span class='ocrx_word' id='word_1_455' title='bbox 1173 4354 1196 4400; x_wconf 83' lang='lat'>6.</span> <span class='ocrx_word' id='word_1_456' title='bbox 1216 4345 1404 4415; x_wconf 88' lang='lat' dir='ltr'>supercilicium</span> <span class='ocrx_word' id='word_1_457' title='bbox 1422 4347 1447 4394; x_wconf 88' lang='lat' dir='ltr'><em>B</em></span> <span class='ocrx_word' id='word_1_458' title='bbox 1519 4347 1543 4398; x_wconf 83' lang='lat'>7.</span> <span class='ocrx_word' id='word_1_459' title='bbox 1561 4363 1584 4399; x_wconf 85' lang='lat' dir='ltr'>a.</span> <span class='ocrx_word' id='word_1_460' title='bbox 1602 4347 1637 4413; x_wconf 91' lang='grc' dir='ltr'>ε.]</span> <span class='ocrx_word' id='word_1_461' title='bbox 1656 4349 1683 4398; x_wconf 89' lang='lat' dir='ltr'>et</span> <span class='ocrx_word' id='word_1_462' title='bbox 1701 4347 1864 4415; x_wconf 89' lang='lat' dir='ltr'>supercilium</span> <span class='ocrx_word' id='word_1_463' title='bbox 1875 4350 1907 4413; x_wconf 38' lang='lat' dir='ltr'>,R</span> <span class='ocrx_word' id='word_1_464' title='bbox 1975 4350 2061 4399; x_wconf 81' lang='lat' dir='ltr'>aulem</span> 
     </span>
     <span class='ocr_line' id='line_1_35' title="bbox 184 4429 2061 4502; baseline 0.003 -24"><span class='ocrx_word' id='word_1_465' title='bbox 184 4448 230 4480; x_wconf 64' lang='lat' dir='ltr'>orn.</span> <span class='ocrx_word' id='word_1_466' title='bbox 251 4433 276 4479; x_wconf 94' lang='lat' dir='ltr'><em>R</em></span> <span class='ocrx_word' id='word_1_467' title='bbox 335 4433 394 4499; x_wconf 87' lang='lat' dir='ltr'>sub]</span> <span class='ocrx_word' id='word_1_468' title='bbox 412 4437 440 4485; x_wconf 89' lang='lat' dir='ltr'>et</span> <span class='ocrx_word' id='word_1_469' title='bbox 457 4434 506 4486; x_wconf 92' lang='lat' dir='ltr'>sub</span> <span class='ocrx_word' id='word_1_470' title='bbox 523 4435 548 4481; x_wconf 93' lang='lat' dir='ltr'><em>R</em></span> <span class='ocrx_word' id='word_1_471' title='bbox 608 4434 712 4485; x_wconf 85' lang='lat' dir='ltr'>substat</span> <span class='ocrx_word' id='word_1_472' title='bbox 729 4436 756 4482; x_wconf 90' lang='lat' dir='ltr'><em>F</em></span> <span class='ocrx_word' id='word_1_473' title='bbox 824 4437 847 4486; x_wconf 83' lang='lat'>8.</span> <span class='ocrx_word' id='word_1_474' title='bbox 867 4432 950 4502; x_wconf 82' lang='lat' dir='ltr'>capud</span> <span class='ocrx_word' id='word_1_475' title='bbox 967 4434 1039 4481; x_wconf 79' lang='lat' dir='ltr'>ABR</span> <span class='ocrx_word' id='word_1_476' title='bbox 1099 4433 1162 4484; x_wconf 88' lang='lat' dir='ltr'>bene</span> <span class='ocrx_word' id='word_1_477' title='bbox 1180 4434 1207 4480; x_wconf 90' lang='lat' dir='ltr'><em>F</em></span> <span class='ocrx_word' id='word_1_478' title='bbox 1271 4437 1294 4484; x_wconf 87' lang='lat'>9.</span> <span class='ocrx_word' id='word_1_479' title='bbox 1312 4430 1393 4498; x_wconf 85' lang='lat' dir='ltr'>mod]</span> <span class='ocrx_word' id='word_1_480' title='bbox 1410 4433 1438 4482; x_wconf 88' lang='lat' dir='ltr'>et</span> <span class='ocrx_word' id='word_1_481' title='bbox 1454 4429 1579 4483; x_wconf 86' lang='lat' dir='ltr'>nodatum</span> <span class='ocrx_word' id='word_1_482' title='bbox 1596 4433 1621 4479; x_wconf 93' lang='lat' dir='ltr'><em>R</em></span> <span class='ocrx_word' id='word_1_483' title='bbox 1683 4447 1766 4500; x_wconf 82' lang='lat' dir='ltr'>nequo</span> <span class='ocrx_word' id='word_1_484' title='bbox 1784 4433 1832 4480; x_wconf 87' lang='lat' dir='ltr'>BR</span> <span class='ocrx_word' id='word_1_485' title='bbox 1906 4437 1944 4485; x_wconf 84' lang='lat'>10.</span> <span class='ocrx_word' id='word_1_486' title='bbox 1963 4431 2061 4483; x_wconf 87' lang='lat' dir='ltr'>metha-</span> 
     </span>
     <span class='ocr_line' id='line_1_36' title="bbox 144 4508 2061 4583; baseline 0.001 -16"><span class='ocrx_word' id='word_1_487' title='bbox 144 4508 284 4567; x_wconf 85' lang='lat' dir='ltr'>&#39;lronum</span> <span class='ocrx_word' id='word_1_488' title='bbox 303 4518 329 4563; x_wconf 89' lang='lat' dir='ltr'>F</span> <span class='ocrx_word' id='word_1_489' title='bbox 383 4518 539 4571; x_wconf 69' lang='lat' dir='ltr'>rabanone</span> <span class='ocrx_word' id='word_1_490' title='bbox 557 4521 582 4567; x_wconf 92' lang='lat' dir='ltr'><em>R</em></span> <span class='ocrx_word' id='word_1_491' title='bbox 641 4518 720 4570; x_wconf 81' lang='lat' dir='ltr'>hasen</span> <span class='ocrx_word' id='word_1_492' title='bbox 737 4519 787 4567; x_wconf 87' lang='grc' dir='ltr'>ΑΒ</span> <span class='ocrx_word' id='word_1_493' title='bbox 846 4523 885 4572; x_wconf 89' lang='lat'>12.</span> <span class='ocrx_word' id='word_1_494' title='bbox 904 4535 929 4570; x_wconf 91' lang='lat' dir='ltr'>n.</span> <span class='ocrx_word' id='word_1_495' title='bbox 948 4534 970 4570; x_wconf 87' lang='lat' dir='ltr'>r.</span> <span class='ocrx_word' id='word_1_496' title='bbox 989 4516 1025 4583; x_wconf 90' lang='lat' dir='ltr'>d]</span> <span class='ocrx_word' id='word_1_497' title='bbox 1043 4536 1088 4572; x_wconf 80' lang='lat' dir='ltr'>om.</span> <span class='ocrx_word' id='word_1_498' title='bbox 1107 4521 1132 4567; x_wconf 92' lang='lat' dir='ltr'><em>R</em></span> <span class='ocrx_word' id='word_1_499' title='bbox 1191 4535 1241 4570; x_wconf 92' lang='lat' dir='ltr'>non</span> <span class='ocrx_word' id='word_1_500' title='bbox 1259 4519 1283 4566; x_wconf 93' lang='lat' dir='ltr'><em>R</em></span> <span class='ocrx_word' id='word_1_501' title='bbox 1331 4511 1459 4569; x_wconf 68' lang='lat' dir='ltr'>&#39;ambrdat</span> <span class='ocrx_word' id='word_1_502' title='bbox 1475 4517 1570 4564; x_wconf 81' lang='lat' dir='ltr'><em>ABFR</em></span> <span class='ocrx_word' id='word_1_503' title='bbox 1586 4517 1727 4582; x_wconf 73' lang='grc' dir='ltr'><em>(βαδίζον)</em></span> <span class='ocrx_word' id='word_1_504' title='bbox 1778 4518 1845 4572; x_wconf 88' lang='lat' dir='ltr'>enim</span> <span class='ocrx_word' id='word_1_505' title='bbox 1863 4520 1888 4567; x_wconf 87' lang='lat' dir='ltr'><em>B</em></span> <span class='ocrx_word' id='word_1_506' title='bbox 1941 4517 2061 4570; x_wconf 85' lang='lat' dir='ltr'>13.circa</span> 
     </span>
     <span class='ocr_line' id='line_1_37' title="bbox 183 4601 2065 4671; baseline 0 -22"><span class='ocrx_word' id='word_1_507' title='bbox 183 4603 265 4653; x_wconf 75' lang='lat' dir='ltr'><em>0n1.R</em></span> <span class='ocrx_word' id='word_1_508' title='bbox 325 4603 635 4671; x_wconf 81' lang='lat' dir='ltr'>14.eiroa]soermdumF</span> <span class='ocrx_word' id='word_1_509' title='bbox 683 4602 1002 4671; x_wconf 87' lang='lat' dir='ltr'>m.]etmagnanimumF</span> <span class='ocrx_word' id='word_1_510' title='bbox 1041 4606 1224 4667; x_wconf 79' lang='lat' dir='ltr'>etpostm.om.</span> <span class='ocrx_word' id='word_1_511' title='bbox 1238 4606 1263 4652; x_wconf 92' lang='lat' dir='ltr'><em>R</em></span> <span class='ocrx_word' id='word_1_512' title='bbox 1309 4601 1565 4668; x_wconf 81' lang='lat' dir='ltr'>15.e.i.]iniustum</span> <span class='ocrx_word' id='word_1_513' title='bbox 1574 4603 1649 4650; x_wconf 79' lang='lat' dir='ltr'>ABF</span> <span class='ocrx_word' id='word_1_514' title='bbox 1699 4604 1876 4655; x_wconf 76' lang='lat' dir='ltr'>associaturF</span> <span class='ocrx_word' id='word_1_515' title='bbox 1914 4602 2065 4654; x_wconf 77' lang='lat' dir='ltr'>fondneRF</span> 
     </span>
     <span class='ocr_line' id='line_1_38' title="bbox 186 4685 2062 4757; baseline -0.001 -17"><span class='ocrx_word' id='word_1_516' title='bbox 186 4691 226 4740; x_wconf 90' lang='lat'>16.</span> <span class='ocrx_word' id='word_1_517' title='bbox 244 4685 322 4754; x_wconf 90' lang='lat' dir='ltr'>quod]</span> <span class='ocrx_word' id='word_1_518' title='bbox 344 4685 388 4736; x_wconf 87' lang='lat' dir='ltr'>sed</span> <span class='ocrx_word' id='word_1_519' title='bbox 408 4688 433 4733; x_wconf 90' lang='lat' dir='ltr'>F</span> <span class='ocrx_word' id='word_1_520' title='bbox 499 4705 521 4742; x_wconf 84' lang='lat' dir='ltr'>a.</span> <span class='ocrx_word' id='word_1_521' title='bbox 541 4705 561 4740; x_wconf 94' lang='lat' dir='ltr'>o.</span> <span class='ocrx_word' id='word_1_522' title='bbox 581 4688 609 4754; x_wconf 77' lang='lat' dir='ltr'>l]</span> <span class='ocrx_word' id='word_1_523' title='bbox 629 4687 700 4740; x_wconf 88' lang='lat' dir='ltr'>aliud</span> <span class='ocrx_word' id='word_1_524' title='bbox 717 4687 876 4740; x_wconf 81' lang='lat' dir='ltr'>fortitudinis</span> <span class='ocrx_word' id='word_1_525' title='bbox 894 4704 958 4756; x_wconf 88' lang='lat' dir='ltr'>opus</span> <span class='ocrx_word' id='word_1_526' title='bbox 976 4689 1003 4735; x_wconf 91' lang='lat' dir='ltr'>F</span> <span class='ocrx_word' id='word_1_527' title='bbox 1073 4687 1202 4756; x_wconf 85' lang='lat' dir='ltr'>operativa</span> <span class='ocrx_word' id='word_1_528' title='bbox 1220 4692 1244 4737; x_wconf 85' lang='grc' dir='ltr'><em>Α</em></span> <span class='ocrx_word' id='word_1_529' title='bbox 1315 4690 1354 4746; x_wconf 75' lang='grc'>17.</span> <span class='ocrx_word' id='word_1_530' title='bbox 1372 4688 1485 4757; x_wconf 88' lang='lat' dir='ltr'>ipsomm</span> <span class='ocrx_word' id='word_1_531' title='bbox 1504 4689 1530 4735; x_wconf 92' lang='lat' dir='ltr'>F</span> <span class='ocrx_word' id='word_1_532' title='bbox 1593 4688 1688 4756; x_wconf 83' lang='lat' dir='ltr'>autern]</span> <span class='ocrx_word' id='word_1_533' title='bbox 1705 4689 1771 4741; x_wconf 89' lang='lat' dir='ltr'>enim</span> <span class='ocrx_word' id='word_1_534' title='bbox 1789 4689 1859 4737; x_wconf 85' lang='lat' dir='ltr'>BFR</span> <span class='ocrx_word' id='word_1_535' title='bbox 1931 4691 1970 4740; x_wconf 81' lang='lat'>18.</span> <span class='ocrx_word' id='word_1_536' title='bbox 1988 4686 2062 4739; x_wconf 80' lang='lat' dir='ltr'>iuxta</span> 
     </span>
     <span class='ocr_line' id='line_1_39' title="bbox 184 4771 2061 4842; baseline 0 -22"><span class='ocrx_word' id='word_1_537' title='bbox 184 4789 229 4824; x_wconf 74' lang='lat' dir='ltr'>orn.</span> <span class='ocrx_word' id='word_1_538' title='bbox 250 4773 320 4819; x_wconf 78' lang='lat' dir='ltr'>RFR</span> <span class='ocrx_word' id='word_1_539' title='bbox 375 4772 499 4824; x_wconf 88' lang='lat' dir='ltr'>rotundas</span> <span class='ocrx_word' id='word_1_540' title='bbox 517 4774 587 4821; x_wconf 83' lang='lat' dir='ltr'>BFR</span> <span class='ocrx_word' id='word_1_541' title='bbox 647 4773 738 4842; x_wconf 85' lang='lat' dir='ltr'>planas</span> <span class='ocrx_word' id='word_1_542' title='bbox 756 4775 826 4821; x_wconf 84' lang='lat' dir='ltr'>RFR</span> <span class='ocrx_word' id='word_1_543' title='bbox 887 4773 945 4841; x_wconf 76' lang='lat' dir='ltr'>non]</span> <span class='ocrx_word' id='word_1_544' title='bbox 962 4789 1021 4824; x_wconf 85' lang='lat' dir='ltr'>roro</span> <span class='ocrx_word' id='word_1_545' title='bbox 1040 4775 1065 4820; x_wconf 92' lang='lat' dir='ltr'>F</span> <span class='ocrx_word' id='word_1_546' title='bbox 1130 4779 1168 4826; x_wconf 77' lang='lat' dir='ltr'>lo.</span> <span class='ocrx_word' id='word_1_547' title='bbox 1188 4773 1204 4825; x_wconf 92' lang='lat' dir='ltr'>l.</span> <span class='ocrx_word' id='word_1_548' title='bbox 1224 4773 1257 4841; x_wconf 85' lang='lat' dir='ltr'>d]</span> <span class='ocrx_word' id='word_1_549' title='bbox 1276 4773 1379 4826; x_wconf 89' lang='lat' dir='ltr'>dorsum</span> <span class='ocrx_word' id='word_1_550' title='bbox 1396 4773 1501 4840; x_wconf 85' lang='lat' dir='ltr'>longum</span> <span class='ocrx_word' id='word_1_551' title='bbox 1519 4773 1546 4820; x_wconf 94' lang='lat' dir='ltr'>F</span> <span class='ocrx_word' id='word_1_552' title='bbox 1601 4776 1664 4825; x_wconf 89' lang='lat' dir='ltr'>sunt</span> <span class='ocrx_word' id='word_1_553' title='bbox 1680 4791 1725 4827; x_wconf 79' lang='lat' dir='ltr'>orn.</span> <span class='ocrx_word' id='word_1_554' title='bbox 1744 4775 1771 4822; x_wconf 92' lang='lat' dir='ltr'>F</span> <span class='ocrx_word' id='word_1_555' title='bbox 1815 4773 1896 4826; x_wconf 85' lang='lat' dir='ltr'>levem</span> <span class='ocrx_word' id='word_1_556' title='bbox 1914 4774 1941 4820; x_wconf 91' lang='lat' dir='ltr'>F</span> <span class='ocrx_word' id='word_1_557' title='bbox 1952 4771 2020 4824; x_wconf 92' lang='lat' dir='ltr'>lenia</span> <span class='ocrx_word' id='word_1_558' title='bbox 2037 4774 2061 4820; x_wconf 95' lang='lat' dir='ltr'><em>R</em></span> 
     </span>
     <span class='ocr_line' id='line_1_40' title="bbox 185 4854 2063 4927; baseline -0.003 -18"><span class='ocrx_word' id='word_1_559' title='bbox 185 4861 225 4909; x_wconf 91' lang='grc'>20.</span> <span class='ocrx_word' id='word_1_560' title='bbox 246 4873 267 4908; x_wconf 86' lang='lat' dir='ltr'>e.</span> <span class='ocrx_word' id='word_1_561' title='bbox 289 4855 321 4924; x_wconf 79' lang='lat' dir='ltr'>a]</span> <span class='ocrx_word' id='word_1_562' title='bbox 339 4855 456 4924; x_wconf 88' lang='lat' dir='ltr'>colorque</span> <span class='ocrx_word' id='word_1_563' title='bbox 474 4859 498 4904; x_wconf 93' lang='lat' dir='ltr'><em>R</em></span> <span class='ocrx_word' id='word_1_564' title='bbox 567 4857 627 4927; x_wconf 80' lang='lat' dir='ltr'>hiis]</span> <span class='ocrx_word' id='word_1_565' title='bbox 644 4858 696 4911; x_wconf 85' lang='lat' dir='ltr'>hiis</span> <span class='ocrx_word' id='word_1_566' title='bbox 714 4861 800 4911; x_wconf 71' lang='lat' dir='ltr'>alitem</span> <span class='ocrx_word' id='word_1_567' title='bbox 818 4854 865 4923; x_wconf 76' lang='grc' dir='ltr'>(τά</span> <span class='ocrx_word' id='word_1_568' title='bbox 884 4858 946 4923; x_wconf 61' lang='lat' dir='ltr'>dist</span> <span class='ocrx_word' id='word_1_569' title='bbox 1012 4863 1052 4910; x_wconf 85' lang='grc'>21.</span> <span class='ocrx_word' id='word_1_570' title='bbox 1072 4862 1134 4910; x_wconf 83' lang='grc' dir='ltr'>ε]]]]ῖ</span> <span class='ocrx_word' id='word_1_571' title='bbox 1151 4877 1196 4909; x_wconf 77' lang='lat' dir='ltr'>one.</span> <span class='ocrx_word' id='word_1_572' title='bbox 1215 4860 1263 4907; x_wconf 87' lang='lat' dir='ltr'>BR</span> <span class='ocrx_word' id='word_1_573' title='bbox 1322 4858 1354 4926; x_wconf 81' lang='lat' dir='ltr'>a]</span> <span class='ocrx_word' id='word_1_574' title='bbox 1376 4857 1488 4911; x_wconf 86' lang='lat' dir='ltr'>animam</span> <span class='ocrx_word' id='word_1_575' title='bbox 1512 4860 1574 4909; x_wconf 89' lang='lat' dir='ltr'>sunt</span> <span class='ocrx_word' id='word_1_576' title='bbox 1592 4859 1617 4906; x_wconf 92' lang='grc' dir='ltr'><em>Β</em></span> <span class='ocrx_word' id='word_1_577' title='bbox 1674 4859 1715 4909; x_wconf 83' lang='grc' dir='ltr'>θεῖ</span> <span class='ocrx_word' id='word_1_578' title='bbox 1735 4875 1780 4910; x_wconf 86' lang='lat' dir='ltr'>om.</span> <span class='ocrx_word' id='word_1_579' title='bbox 1799 4860 1825 4905; x_wconf 96' lang='lat' dir='ltr'>F</span> <span class='ocrx_word' id='word_1_580' title='bbox 1878 4858 1995 4909; x_wconf 86' lang='lat' dir='ltr'>futurum</span> <span class='ocrx_word' id='word_1_581' title='bbox 2012 4857 2063 4905; x_wconf 84' lang='grc' dir='ltr'>ΑΒ</span> 
     </span>
     <span class='ocr_line' id='line_1_41' title="bbox 184 4932 2059 5011; baseline -0.001 -19"><span class='ocrx_word' id='word_1_582' title='bbox 184 4940 309 4992; x_wconf 78' lang='lat' dir='ltr'>laotirum</span> <span class='ocrx_word' id='word_1_583' title='bbox 327 4942 352 4988; x_wconf 93' lang='lat' dir='ltr'><em>R</em></span> <span class='ocrx_word' id='word_1_584' title='bbox 375 4939 422 5005; x_wconf 68' lang='lat' dir='ltr'>(m²</span> <span class='ocrx_word' id='word_1_585' title='bbox 440 4949 558 5004; x_wconf 73' lang='lat' dir='ltr'>suprascr.</span> <span class='ocrx_word' id='word_1_586' title='bbox 573 4941 698 5007; x_wconf 83' lang='lat' dir='ltr'>liotirum)</span> <span class='ocrx_word' id='word_1_587' title='bbox 724 4943 840 4995; x_wconf 74' lang='lat' dir='ltr'>fictitum</span> <span class='ocrx_word' id='word_1_588' title='bbox 857 4945 884 4991; x_wconf 92' lang='lat' dir='ltr'>F</span> <span class='ocrx_word' id='word_1_589' title='bbox 907 4942 1081 5009; x_wconf 74' lang='grc' dir='ltr'><em>(ἐπίκλοπον)</em></span> <span class='ocrx_word' id='word_1_590' title='bbox 1130 4932 1248 4996; x_wconf 77' lang='lat' dir='ltr'>&#39;dietrrm</span> <span class='ocrx_word' id='word_1_591' title='bbox 1268 4945 1293 4991; x_wconf 90' lang='lat' dir='ltr'>F</span> <span class='ocrx_word' id='word_1_592' title='bbox 1357 4943 1391 5011; x_wconf 90' lang='lat' dir='ltr'>d]</span> <span class='ocrx_word' id='word_1_593' title='bbox 1408 4946 1435 4995; x_wconf 92' lang='grc' dir='ltr'>θῖ</span> <span class='ocrx_word' id='word_1_594' title='bbox 1452 4942 1568 4995; x_wconf 92' lang='lat' dir='ltr'>dolosum</span> <span class='ocrx_word' id='word_1_595' title='bbox 1585 4943 1635 4991; x_wconf 83' lang='lat' dir='ltr'>AB</span> <span class='ocrx_word' id='word_1_596' title='bbox 1651 4944 1681 4993; x_wconf 91' lang='lat' dir='ltr'>ut</span> <span class='ocrx_word' id='word_1_597' title='bbox 1703 4941 1818 4992; x_wconf 90' lang='lat' dir='ltr'>dolosum</span> <span class='ocrx_word' id='word_1_598' title='bbox 1843 4942 1867 4988; x_wconf 93' lang='lat' dir='ltr'><em>R</em></span> <span class='ocrx_word' id='word_1_599' title='bbox 1933 4944 1973 4994; x_wconf 82' lang='lat'>22.</span> <span class='ocrx_word' id='word_1_600' title='bbox 2000 4940 2059 4992; x_wconf 87' lang='lat' dir='ltr'>forti</span> 
     </span>
     <span class='ocr_line' id='line_1_42' title="bbox 186 5018 2057 5098; baseline 0.002 -25"><span class='ocrx_word' id='word_1_601' title='bbox 186 5026 280 5074; x_wconf 81' lang='lat' dir='ltr'><em>ABFR</em></span> <span class='ocrx_word' id='word_1_602' title='bbox 296 5024 365 5088; x_wconf 76' lang='grc' dir='ltr'><em>(τοῖν</em></span> <span class='ocrx_word' id='word_1_603' title='bbox 383 5018 544 5076; x_wconf 74' lang='grc' dir='ltr'><em>δοκούντων</em></span> <span class='ocrx_word' id='word_1_604' title='bbox 561 5024 703 5098; x_wconf 70' lang='grc' dir='ltr'>ἀνδρείων</span> <span class='ocrx_word' id='word_1_605' title='bbox 721 5027 807 5092; x_wconf 73' lang='grc' dir='ltr'>εἶναι)</span> <span class='ocrx_word' id='word_1_606' title='bbox 858 5029 910 5081; x_wconf 84' lang='lat' dir='ltr'>alia</span> <span class='ocrx_word' id='word_1_607' title='bbox 927 5030 953 5076; x_wconf 87' lang='lat' dir='ltr'>F</span> <span class='ocrx_word' id='word_1_608' title='bbox 1000 5027 1066 5080; x_wconf 84' lang='lat' dir='ltr'>dicto</span> <span class='ocrx_word' id='word_1_609' title='bbox 1085 5030 1111 5076; x_wconf 92' lang='lat' dir='ltr'>F</span> <span class='ocrx_word' id='word_1_610' title='bbox 1157 5032 1244 5081; x_wconf 81' lang='lat' dir='ltr'>autem</span> <span class='ocrx_word' id='word_1_611' title='bbox 1262 5048 1307 5082; x_wconf 80' lang='lat' dir='ltr'>om,</span> <span class='ocrx_word' id='word_1_612' title='bbox 1326 5031 1353 5077; x_wconf 90' lang='lat' dir='ltr'>F</span> <span class='ocrx_word' id='word_1_613' title='bbox 1404 5031 1443 5080; x_wconf 77' lang='lat'>23.</span> <span class='ocrx_word' id='word_1_614' title='bbox 1462 5043 1487 5079; x_wconf 89' lang='lat' dir='ltr'>u.</span> <span class='ocrx_word' id='word_1_615' title='bbox 1504 5027 1539 5095; x_wconf 77' lang='lat' dir='ltr'>p]</span> <span class='ocrx_word' id='word_1_616' title='bbox 1555 5025 1710 5095; x_wconf 83' lang='lat' dir='ltr'>pertransire</span> <span class='ocrx_word' id='word_1_617' title='bbox 1727 5025 1818 5093; x_wconf 80' lang='lat' dir='ltr'>utique</span> <span class='ocrx_word' id='word_1_618' title='bbox 1835 5026 1861 5073; x_wconf 89' lang='lat' dir='ltr'><em>B</em></span> <span class='ocrx_word' id='word_1_619' title='bbox 1913 5024 2057 5092; x_wconf 86' lang='lat' dir='ltr'>quicunque</span> 
     </span>
     <span class='ocr_line' id='line_1_43' title="bbox 186 5111 2058 5182; baseline -0.005 -16"><span class='ocrx_word' id='word_1_620' title='bbox 186 5111 212 5157; x_wconf 79' lang='lat' dir='ltr'><em>B</em></span> <span class='ocrx_word' id='word_1_621' title='bbox 226 5127 326 5178; x_wconf 79' lang='lat' dir='ltr'>quoquo</span> <span class='ocrx_word' id='word_1_622' title='bbox 343 5114 366 5159; x_wconf 83' lang='lat' dir='ltr'><em>A</em></span> <span class='ocrx_word' id='word_1_623' title='bbox 428 5115 468 5163; x_wconf 83' lang='grc'>24.</span> <span class='ocrx_word' id='word_1_624' title='bbox 488 5111 520 5162; x_wconf 81' lang='lat' dir='ltr'>ab</span> <span class='ocrx_word' id='word_1_625' title='bbox 538 5130 582 5164; x_wconf 80' lang='lat' dir='ltr'>om.</span> <span class='ocrx_word' id='word_1_626' title='bbox 602 5115 628 5160; x_wconf 88' lang='lat' dir='ltr'>F</span> <span class='ocrx_word' id='word_1_627' title='bbox 684 5120 724 5167; x_wconf 84' lang='grc'>26,</span> <span class='ocrx_word' id='word_1_628' title='bbox 743 5131 767 5182; x_wconf 95' lang='lat' dir='ltr'>p.</span> <span class='ocrx_word' id='word_1_629' title='bbox 786 5113 811 5166; x_wconf 94' lang='lat' dir='ltr'>b.</span> <span class='ocrx_word' id='word_1_630' title='bbox 830 5113 864 5180; x_wconf 81' lang='lat' dir='ltr'>n]</span> <span class='ocrx_word' id='word_1_631' title='bbox 881 5114 936 5166; x_wconf 85' lang='lat' dir='ltr'>nati</span> <span class='ocrx_word' id='word_1_632' title='bbox 954 5112 1032 5182; x_wconf 88' lang='lat' dir='ltr'>podes</span> <span class='ocrx_word' id='word_1_633' title='bbox 1049 5112 1112 5165; x_wconf 87' lang='lat' dir='ltr'>bene</span> <span class='ocrx_word' id='word_1_634' title='bbox 1131 5114 1157 5160; x_wconf 93' lang='lat' dir='ltr'>F</span> <span class='ocrx_word' id='word_1_635' title='bbox 1214 5116 1276 5165; x_wconf 90' lang='lat' dir='ltr'>sunt</span> <span class='ocrx_word' id='word_1_636' title='bbox 1293 5132 1337 5162; x_wconf 80' lang='grc' dir='ltr'><em>σοι.</em></span> <span class='ocrx_word' id='word_1_637' title='bbox 1356 5114 1431 5162; x_wconf 80' lang='lat' dir='ltr'>ARF</span> <span class='ocrx_word' id='word_1_638' title='bbox 1495 5112 1591 5179; x_wconf 83' lang='lat' dir='ltr'>magni]</span> <span class='ocrx_word' id='word_1_639' title='bbox 1601 5111 1685 5179; x_wconf 85' lang='lat' dir='ltr'>magis</span> <span class='ocrx_word' id='word_1_640' title='bbox 1698 5127 1771 5162; x_wconf 86' lang='lat' dir='ltr'>aures</span> <span class='ocrx_word' id='word_1_641' title='bbox 1789 5112 1839 5159; x_wconf 84' lang='grc' dir='ltr'>ΑΒ</span> <span class='ocrx_word' id='word_1_642' title='bbox 1848 5113 1920 5172; x_wconf 69' lang='lat' dir='ltr'>le²</span> <span class='ocrx_word' id='word_1_643' title='bbox 1937 5118 2058 5173; x_wconf 82' lang='lat' dir='ltr'>suprascr.</span> 
     </span>
     <span class='ocr_line' id='line_1_44' title="bbox 188 5191 2059 5265; baseline -0.001 -20"><span class='ocrx_word' id='word_1_644' title='bbox 188 5194 204 5246; x_wconf 91' lang='lat' dir='ltr'>i.</span> <span class='ocrx_word' id='word_1_645' title='bbox 224 5193 330 5261; x_wconf 78' lang='lat' dir='ltr'>digitos)</span> <span class='ocrx_word' id='word_1_646' title='bbox 348 5197 431 5263; x_wconf 84' lang='lat' dir='ltr'>magis</span> <span class='ocrx_word' id='word_1_647' title='bbox 450 5191 624 5263; x_wconf 53' lang='lat' dir='ltr'>Napata)</span> <span class='ocrx_word' id='word_1_648' title='bbox 675 5199 826 5250; x_wconf 87' lang='lat' dir='ltr'>articulares</span> <span class='ocrx_word' id='word_1_649' title='bbox 839 5200 865 5245; x_wconf 87' lang='lat' dir='ltr'>F</span> <span class='ocrx_word' id='word_1_650' title='bbox 912 5197 982 5265; x_wconf 87' lang='lat' dir='ltr'>sunt]</span> <span class='ocrx_word' id='word_1_651' title='bbox 999 5199 1124 5250; x_wconf 88' lang='lat' dir='ltr'>autemF</span> <span class='ocrx_word' id='word_1_652' title='bbox 1170 5196 1324 5251; x_wconf 80' lang='lat' dir='ltr'>reducentur</span> <span class='ocrx_word' id='word_1_653' title='bbox 1336 5199 1408 5246; x_wconf 82' lang='lat' dir='ltr'>ABR</span> <span class='ocrx_word' id='word_1_654' title='bbox 1449 5196 1502 5249; x_wconf 87' lang='lat' dir='ltr'>red.</span> <span class='ocrx_word' id='word_1_655' title='bbox 1516 5197 1587 5248; x_wconf 89' lang='lat' dir='ltr'>-in</span> <span class='ocrx_word' id='word_1_656' title='bbox 1605 5196 1690 5247; x_wconf 84' lang='lat' dir='ltr'>anima</span> <span class='ocrx_word' id='word_1_657' title='bbox 1707 5196 1737 5255; x_wconf 87' lang='lat' dir='ltr'>(l.</span> <span class='ocrx_word' id='word_1_658' title='bbox 1750 5197 1797 5260; x_wconf 78' lang='lat'>28)</span> <span class='ocrx_word' id='word_1_659' title='bbox 1808 5197 1894 5247; x_wconf 68' lang='lat' dir='ltr'><em>0712.F</em></span> <span class='ocrx_word' id='word_1_660' title='bbox 1948 5199 1988 5247; x_wconf 85' lang='grc'>26.</span> <span class='ocrx_word' id='word_1_661' title='bbox 2002 5210 2059 5262; x_wconf 89' lang='lat' dir='ltr'>par·</span> 
     </span>
     <span class='ocr_line' id='line_1_45' title="bbox 186 5275 1377 5345; baseline 0.003 -17"><span class='ocrx_word' id='word_1_662' title='bbox 186 5294 231 5329; x_wconf 82' lang='lat' dir='ltr'>ros</span> <span class='ocrx_word' id='word_1_663' title='bbox 249 5296 293 5330; x_wconf 75' lang='lat' dir='ltr'>ona.</span> <span class='ocrx_word' id='word_1_664' title='bbox 312 5281 336 5327; x_wconf 92' lang='lat' dir='ltr'><em>R</em></span> <span class='ocrx_word' id='word_1_665' title='bbox 388 5281 428 5333; x_wconf 89' lang='grc'>27.</span> <span class='ocrx_word' id='word_1_666' title='bbox 449 5279 612 5333; x_wconf 83' lang='lat' dir='ltr'>delectabiles</span> <span class='ocrx_word' id='word_1_667' title='bbox 623 5281 696 5329; x_wconf 80' lang='lat' dir='ltr'>ABR</span> <span class='ocrx_word' id='word_1_668' title='bbox 712 5275 834 5345; x_wconf 67' lang='grc' dir='ltr'><em>(ἡδίους)</em></span> <span class='ocrx_word' id='word_1_669' title='bbox 887 5284 927 5335; x_wconf 81' lang='grc'>29.</span> <span class='ocrx_word' id='word_1_670' title='bbox 945 5282 972 5334; x_wconf 94' lang='lat' dir='ltr'>in</span> <span class='ocrx_word' id='word_1_671' title='bbox 990 5282 1124 5335; x_wconf 81' lang='lat' dir='ltr'>vereormdi</span> <span class='ocrx_word' id='word_1_672' title='bbox 1141 5285 1165 5331; x_wconf 83' lang='lat' dir='ltr'><em>A</em></span> <span class='ocrx_word' id='word_1_673' title='bbox 1218 5300 1336 5337; x_wconf 85' lang='lat' dir='ltr'>carorum</span> <span class='ocrx_word' id='word_1_674' title='bbox 1355 5287 1377 5332; x_wconf 83' lang='grc' dir='ltr'><em>Α</em></span> 
     </span>
    </p>
   </div>
   <div class='ocr_carea' id='block_1_10' title="bbox 1856 5382 1888 5433">
    <p class='ocr_par' dir='ltr' id='par_1_10' title="bbox 1856 5382 1888 5433">
     <span class='ocr_line' id='line_1_46' title="bbox 1856 5382 1888 5433; baseline 0 -24"><span class='ocrx_word' id='word_1_675' title='bbox 1856 5382 1888 5433; x_wconf 61' lang='lat' dir='ltr'>pu</span> 
     </span>
    </p>
   </div>
   <div class='ocr_carea' id='block_1_11' title="bbox 0 0 2292 6196">
    <p class='ocr_par' dir='ltr' id='par_1_11' title="bbox 0 0 2292 6196">
     <span class='ocr_line' id='line_1_47' title="bbox 0 0 2292 6196; baseline 0 1"><span class='ocrx_word' id='word_1_676' title='bbox 0 0 2292 6196; x_wconf 95' lang='lat' dir='ltr'> </span> 
     </span>
    </p>
   </div>
  </div>
 </body>
</html>
